2346 3922
366 256 499 306 616661.
523 254 588 299 cnr.
613 237 745 300 80-82.
980 240 1021 300 79

81 388 218 464 passim³
232 390 431 467 magistratus
445 388 591 466 projectis
606 388 795 464 insignibus,
813 385 913 446 vitata
929 387 1019 446 comi-

81 489 151 545 tum
180 490 212 546 et
239 504 397 547 servorum
424 487 612 564 frequentia,
643 482 730 545 senes
758 485 938 561 feminaeque
966 503 1022 560 per

80 586 228 645 tenebras
246 587 386 646 dirersa⁴
408 587 493 645 urbis
512 587 643 656 itinera,
666 587 730 645 rari
751 586 871 654 domos,
895 584 1020 660 plurimi

82 686 254 744 amicorum
264 687 346 746 tecta
357 687 403 756 et,
420 688 456 745 ut
471 686 580 762 cuique
595 685 784 745 humillimus
799 685 908 756 cliens,
923 684 1019 743 incer·

81 785 151 843 tas⁵
165 783 302 844 latebras
316 785 465 861 petivere.

125 916 176 976 82.
201 916 338 975 Militum
350 916 482 991 impetus
497 932 536 975 ne
549 915 667 975 foribus
681 914 803 990 quidem
818 912 922 973 Palati
938 931 1020 973 coer·

81 1015 183 1073 citusl
208 1032 268 1090 quo
295 1015 416 1074 minus·
444 1017 621 1076 convivium
647 1015 868 1090 irrumperent,
900 1016 1020 1073 ostendi

82 1111 144 1169 sibi
160 1112 310 1171 Othonem
329 1114 574 1188 expostulantes,
590 1112 752 1171 vulnerato
771 1112 854 1174 Julio
876 1112 1021 1172 Martiale

81 1215 231 1273 tribuno³
261 1217 294 1273 et
327 1215 455 1275 Vitellio
485 1217 652 1276 Saturnino
678 1215 838 1292 praefecto⁴
869 1215 1017 1290 legionis,

82 1313 155 1372 dum
189 1312 351 1372 ruentibus
380 1314 544 1375 obsistunt.
585 1314 727 1389 Undique
755 1331 842 1373 arma
869 1316 901 1372 et
929 1313 1020 1372 minae

82 1411 172 1470 modo
196 1411 230 1469 in
254 1412 448 1470 centuriones
473 1412 688 1487 tribunosque,
716 1411 804 1471 modo
825 1412 857 1469 in
879 1412 1020 1469 senatum

82 1506 278 1578 universum,
305 1508 474 1584 lymphatis
499 1528 577 1569 casco
603 1527 717 1586 pavore
742 1509 868 1585 animis,
896 1511 927 1566 et
948 1509 1020 1583 quia

83 1608 237 1666 neminem
255 1624 350 1664 unum
371 1607 527 1668 destinare
547 1609 601 1666 irae
621 1610 778 1683 poterant,
805 1606 962 1665 licentiam
987 1606 1020 1665 in

83 1722 187 1764 omnes
208 1704 418 1780 poscentibus,
440 1707 535 1764 donec
556 1706 636 1765 Otho
654 1706 762 1763 contra
783 1704 874 1761 decus
898 1702 1020 1777 imperii

81 1806 151 1862 toro
179 1804 327 1862 insistens
355 1805 498 1879 precibus
531 1807 561 1863 ct
589 1803 726 1862 lacrimis
754 1811 844 1876 aegre¹
865 1801 1017 1868 cohibuit,

81 1903 300 1977 redieruntque
322 1902 354 1960 in
370 1905 472 1962 castra
487 1901 580 1961 inviti
596 1919 693 1976 neque
708 1899 915 1967 innocentesl.
944 1901 1018 1957 Pos-

80 2004 150 2058 tera
163 2001 215 2059 die
228 1999 315 2059 velut
325 2002 416 2075 capta
431 2000 506 2059 urbe
520 1999 634 2058 clausae
645 2000 766 2068 domus,
783 2014 872 2056 rarus
886 1996 1019 2073 pervias

79 2097 225 2174 populus,
242 2100 350 2156 maesta
360 2098 460 2172 plebs;
475 2096 585 2172 dejecti
601 2098 633 2155 in
644 2096 903 2156 terrammilitum
915 2094 1020 2152 vultus

81 2211 119 2251 ac
131 2193 369 2268 616616161111666
384 2211 475 2268 quam
489 2193 688 2269 paenitentias.
712 2192 929 2268 Manipulatim
945 2190 1018 2249 allo·

82 2291 146 2348 cuti
172 2294 245 2349 sunt
268 2291 408 2349 Licinius
428 2288 578 2349 Proculus
599 2294 631 2348 et
652 2290 773 2349 Plotius
794 2290 919 2349 Firmus
943 2305 1018 2364 pras-

81 2386 185 2456 fecti⁷,
212 2405 251 2445 ex
272 2403 326 2446 suo
352 2387 479 2463 quisque
505 2386 629 2460 ingenio
654 2386 760 2444 mitius
779 2387 834 2443 aut
852 2385 1017 2443 horridius.

82 2484 172 2543 Finis
197 2483 345 2543 sermonis
364 2483 397 2541 in
418 2501 453 2544 eo
472 2486 507 2543 ut
525 2485 620 2560 quina
637 2483 736 2542 millia
761 2483 933 2541 nummum⁸
959 2481 1019 2538 sin-

115 2648 138 2690 3.
156 2639 268 2698 Passim,
282 2637 313 2689 de
327 2648 381 2688 1666
393 2640 469 2689 cotes.

115 2729 141 2801 ⁴⁹,
158 2722 273 2780 Diversa,
292 2719 336 2770 (166
357 2720 466 2771 chemins
485 2736 527 2787 op-

83 2802 165 2852 poses.

115 2861 138 2903 5.
166 2853 214 2903 Des
225 2851 338 2902 retraites
353 2851 475 2918 ignosces.

118 2951 172 2993 0².
192 2952 213 2994 1.
227 2944 351 2994 Coercitus
364 2958 397 2992 sc.
411 2949 454 2991 661.

116 3039 138 3082 2.
149 3034 296 3094 Quominus.
305 3032 333 3079 T.
344 3028 451 3094 emploic
458 3030 527 3096 quel·

83 3097 269 3164 queloiscette
292 3094 357 3159 conj.
381 3099 452 3159 apres
477 3111 526 3144 une

82 3165 173 3229 phrase
190 3162 233 3227 qui
251 3178 265 3211 6
282 3159 339 3224 ddja
351 3177 384 3209 un
396 3176 452 3210 sens
464 3176 528 3211 com·

81 3231 134 3295 pler
147 3244 194 3294 par
202 3228 349 3277 6116616616.
363 3227 399 3276 011
413 3224 457 3275 1611
468 3225 527 3276 bien

82 3296 147 3344 alors
165 3293 197 3343 de
209 3292 320 3342 traduire
337 3291 361 3341 la
373 3290 526 3356 proposition

81 3358 307 3422 subcrdonneepar
316 3372 364 3406 une
373 3355 526 3422 proposition

81 3424 230 3490 principale.
247 3423 286 3474 Gl.
302 3423 359 3488 Agr.
376 3429 413 3482 20,
433 3431 491 3472 note
503 3430 526 3481 3,

81 3500 155 3556 etgr.
168 3489 201 3539 de
212 3489 241 3538 T.
256 3495 306 3539 128.

609 2646 632 2688 3.
651 2636 745 2687 Tribun
764 2636 838 2688 d'une
850 2637 951 2688 cohorte
967 2636 1021 2702 prd-

577 2703 689 2754 ioricnne
704 2705 735 2766 (v.
749 2703 846 2762 61628).

608 2777 631 2819 4.
651 2768 734 2819 Prelct
745 2768 776 2818 de
793 2769 817 2818 16
832 2771 893 2832 lsqio
904 2768 1016 2825 classico,

576 2836 600 2884 16
612 2836 680 2884 66616
692 2834 774 2899 legion
786 2835 907 2899 complete
926 2831 986 2898 qu'il
1004 2849 1019 2898 y

576 2903 619 2949 611
630 2901 694 2949 alors
707 2903 721 2948 6
732 2901 817 2949 Rome.

609 2973 630 3014 5.
642 2967 792 3016 1666666166.
803 2962 940 3030 L'attrihut,
948 2962 1019 3028 placui

576 3031 590 3080 6
608 3032 632 3080 16
646 3031 679 3079 lin
695 3031 727 3079 (16
745 3031 769 3079 16
786 3029 887 3095 phrase,
908 3044 936 3078 66
956 3027 1021 3077 uicrt

578 3112 627 3144 une
639 3095 705 3146 16666
717 3094 882 3160 particuliere.
892 3094 920 3144 Vz
932 3044 1017 3144 (16616.

578 3168 633 3220 191,
647 3169 676 3210 2:
692 3177 741 3210 non
754 3177 810 3210 sans
822 3168 965 3210 commettre
975 3158 1018 3209 des

576 3226 715 3276 desordres.
870 3276 871 3279 ,

610 3298 632 3340 6.
645 3289 896 3348 Tristitia,mauvaisc
903 3291 1016 3342 humour.

609 3365 631 3405 7.
646 3355 1017 3421 Profetsdnpretciret.chus.

608 3429 631 3470 8.
657 3421 721 3486 Cinq
749 3421 816 3471 mille
844 3430 962 3473 sesterces
985 3445 1019 3466 =

578 3494 633 3537 1050
648 3486 679 3537 lr.
692 3488 720 3537 V.
734 3487 819 3539 Gantr.
834 3493 888 3546 194,
902 3495 924 3538 2.
