2346 3922
338 229 431 271 crona
451 226 496 270 111.
521 227 588 271 car.
607 211 741 270 tta-es.
951 208 1013 267 233

76 355 164 416 velut
184 357 216 415 in
236 356 395 417 funebrem
415 377 572 434 pompam3
593 376 683 417 voces
704 357 809 435 populi
824 356 943 415 blandae
964 356 1011 413 et³

76 453 317 531 intempestivae,
335 457 422 516 miles
437 457 549 515 minaci
569 457 704 516 silentio.

119 555 169 614 68.
188 555 253 614 Nec
264 557 424 631 quisquam
438 557 512 614 adeo
524 573 626 614 rerum
637 558 838 614 humanarum
853 557 1013 614 immemor

79 669 168 726 quem
183 671 244 711 non
256 659 461 714 commoveret
472 655 526 712 illa
541 654 649 725 iacies,
663 657 834 714 Romanum
847 654 1018 730 principem

78 753 110 808 et
122 754 244 825 generis
255 754 380 811 humani
395 754 485 829 paulo
496 757 568 812 ante
580 755 750 822 dominum,
763 754 873 812 relicta
886 753 1018 810 fortunae

78 866 142 906 suae
156 851 242 920 sede,
259 869 314 928 per
329 851 489 927 populum,
513 870 569 927 per
583 853 688 909 urbem
704 853 807 910 exire1
823 853 859 909 de
875 849 1014 925 imperio

77 946 167 1005 Nihil
191 947 254 1006 tale
278 949 436 1016 viderant,
464 948 543 1006 nihil
569 948 741 1007 audierant.
773 949 948 1023 Repentina
968 945 1016 1003 vis

77 1045 261 1104 dictatorem
296 1047 446 1105 Caesarem
481 1050 692 1122 oppresserat,
730 1047 856 1104 occultae
886 1047 1016 1104 Gaium²

77 1142 215 1211 insidiae;
245 1161 306 1200 nox
327 1146 359 1202 et
380 1144 519 1218 ignotum
540 1162 593 1202 rus
614 1143 716 1219 fugam
738 1143 872 1201 Neronis
892 1143 1017 1199 abscon-

76 1239 203 1308 derant3
228 1240 302 1297 Piso
324 1243 355 1298 et
377 1241 474 1298 Galba
494 1244 651 1314 tamquam
673 1241 705 1297 in
727 1240 792 1297 acie
814 1239 966 1306 cecidere,
984 1238 1017 1294 in

77 1338 153 1395 sua³
178 1339 320 1396 contione
335 1338 496 1408 Vitellius,
525 1339 607 1396 inter
628 1356 698 1396 suos
719 1338 849 1405 milites
877 1354 1016 1412 prospec-

76 1435 217 1494 tantibus
242 1437 336 1494 etiam
360 1436 498 1506 leminis,
525 1454 623 1512 pauca
645 1439 675 1493 et
697 1437 842 1510 praesenti
863 1435 1017 1491 maestitiae

76 1536 281 1607 congruentia
304 1535 438 1602 locutus,
468 1535 574 1592 cedere
598 1553 630 1592 se
655 1536 740 1610 pacis
766 1536 796 1591 et
821 1532 1018 1608 reipublicae

77 1649 184 1701 causa,
216 1633 386 1691 retinerent
410 1636 532 1691 tantum
553 1633 730 1690 memoriam
751 1633 813 1701 sui,
830 1632 1017 1705 fratremque

77 1732 111 1786 et
131 1729 292 1805 conjugem
311 1734 342 1788 et
369 1731 527 1789 innoxiam
552 1730 718 1788 liberorum
744 1733 867 1788 aetatem
892 1730 1016 1787 misera-

77 1830 202 1896 rentur,
247 1828 339 1885 simul
377 1829 476 1886 filium
512 1830 712 1903 protendam,
754 1829 841 1886 modo
886 1828 1015 1901 singulis

77 1925 167 1983 modo
188 1927 343 1995 universis
368 1929 597 1996 commendans,
626 1930 778 2002 postremo
803 1928 877 1985 fietu
902 1944 1017 2002 praepe-

77 2022 182 2080 diente
201 2025 358 2082 assistenti
373 2025 491 2082 consuli
514 2025 664 2099 (Caecilius
680 2023 817 2099 Simplex
832 2020 911 2100 erat)
932 2040 1017 2080 exso-

76 2120 177 2178 lutum
206 2139 225 2180 a
253 2122 351 2180 latere
379 2123 559 2197 pugionem,
587 2123 673 2181 velut
696 2121 749 2197 jus
776 2123 858 2180 necis
883 2123 1017 2196 vitaeque

77 2217 211 2287 civium,
225 2218 400 2276 reddebat⁴.
417 2221 609 2295 Aspernante
625 2219 763 2288 consule,
781 2219 1020 2282 reclamantibus

78 2315 131 2388 qui
161 2316 193 2372 in
223 2316 364 2373 contione
389 2317 589 2385 adstiterant,
621 2319 655 2374 ut
685 2317 716 2373 in
745 2317 809 2374 aede
841 2317 1018 2375 Concordiae

77 2413 236 2488 positurus
254 2415 390 2488 insignia
412 2415 533 2489 imperii
549 2415 729 2489 domumque
744 2414 850 2474 fratris
865 2415 1020 2490 petiturus

77 2510 231 2568 discessit.
265 2511 366 2586 Major
394 2512 444 2569 hic
472 2512 587 2569 clamor
612 2512 828 2571 obsistentium
856 2512 1019 2585 penatibus

77 2610 242 2684 privatis⁵‚
266 2611 298 2666 in
317 2610 474 2668 Palatium
488 2611 676 2669 vocantium,
709 2609 912 2668 Interclusum
935 2610 1019 2667 aliud

78 2708 169 2776 iterss,
202 2709 293 2782 idque
322 2708 420 2767 solum
452 2727 510 2784 quo
540 2710 571 2766 in
598 2726 716 2766 sacram
747 2708 849 2766 viam⁷
877 2710 1021 2783 pergeret

78 2806 221 2880 patebat;
239 2808 305 2865 tum
320 2808 441 2866 consilii
458 2809 545 2883 inops
567 2809 598 2865 in
615 2807 771 2865 Palatium
786 2806 889 2863 rediit.

114 2960 136 3002 3.
156 2951 522 3016 Et‚mais.V.gr.deTac.,lll.
576 2968 636 3001 rem.
659 2951 711 3015 2.):
741 2951 759 3000 il
779 2953 865 3001 voulut
893 2962 1018 3002 remetire.

114 3024 169 3065 ⁸0.
196 3017 376 3067 nilamonem
393 3045 426 3053 -—
442 3021 523 3076 exire,
608 3025 629 3065 5.
644 3017 820 3066 obsistentium
827 3019 1022 3079 penatibuspri-

82 3082 234 3147 explicatiou
246 3082 278 3131 de
291 3085 336 3131 ida
348 3085 435 3147 socies.
576 3085 655 3139 votis,
677 3081 819 3146 s‘opposant
837 3087 850 3130 a
871 3100 915 3132 son
936 3087 1021 3133 entre'e

115 3157 137 3197 2.
157 3148 257 3197 Gaium.
275 3149 388 3213 Caligula
400 3148 437 3196 fut
451 3165 527 3196 assas·
576 3148 638 3197 dans
650 3163 700 3195 une
712 3147 806 3196 maison
819 3148 910 3212 privee.

83 3215 136 3264 sine
158 3217 172 3262 a
195 3215 219 3261 la
242 3213 306 3262 suite
330 3213 389 3261 d’un
418 3215 527 3277 complet
609 3220 631 3262 6.
651 3213 1019 3271 Aliuditcr,unautrechemin

82 3281 114 3330 de
126 3278 250 3344 plusieurs
259 3279 328 3328 chefs
337 3279 416 3328 deses
428 3279 524 3344 gardcs.
574 3289 670 3328 :tout
682 3288 752 3328 autre
761 3278 859 3328 chemin
872 3280 931 3329 etait
942 3281 1018 3330 ferme'

116 3354 138 3394 3.
157 3346 210 3394 Sua
235 3348 358 3400 contione,
389 3345 526 3393 asscmblde
575 3360 620 3408 par
636 3345 659 3393 lc
671 3346 776 3408 peuple,
796 3348 810 3392 a
827 3344 975 3410 l'exception
988 3345 1020 3394 de

83 3413 226 3475 convoquee
239 3426 283 3474 par
295 3409 418 3460 Vitellius.
575 3409 640 3458 celui
661 3409 705 3474 qui
725 3409 865 3459 conduisait
888 3415 901 3458 a
923 3412 946 3460 la
966 3411 1020 3460 voic

116 3484 138 3525 4.
170 3476 315 3532 decidebat,
354 3474 526 3540 imperfectum
574 3476 663 3524 Sacree
676 3484 700 3523 et
712 3476 743 3524 de
753 3477 776 3524 la
789 3493 820 3524 au
832 3475 920 3540 paleis,

83 3550 186 3593 conatus
214 3541 247 3607 (v.
271 3541 374 3602 canta,
406 3548 460 3599 135,
497 3548 523 3597 2,
608 3548 629 3590 7.
648 3541 796 3600 Samuele,
817 3541 841 3592 la
859 3541 913 3591 veie
930 3543 1020 3593 Sacrce
