2346 3922
328 277 418 320 urana
439 277 472 320 n.
496 277 563 320 car.
587 262 721 320 79-81.
936 258 995 318 157

76 407 185 471 decorus
196 411 289 471 etiam
302 413 409 470 Graeca
423 412 581 480 facundia,
595 412 790 485 omniumque
802 428 868 485 quae
880 410 996 467 diceret

10 488 16 525 ⁷
71 512 151 583 atque
175 510 282 585 ageret
310 511 378 566 arte
407 508 536 583 quadam
567 509 767 567 ostentator⁷.
799 507 886 566 Nihil
912 523 996 580 aeque

19 656 22 661 .
67 607 249 680 provinciam
270 606 498 681 exercitumque
519 607 659 665 accendit
674 624 763 680 quam
779 605 857 680 quod
876 621 995 662 assere·

10 726 13 731 ·
64 704 149 762 rabat
172 703 350 771 Mucianus,
378 704 525 761 statuisse
550 702 710 788 Yitellium
737 707 771 760 ut
796 701 997 760 Germanicas

60 799 194 876 legiones
210 801 241 858 in
257 800 381 874 Syriam
396 800 434 857 ad
453 799 596 858 militiam
612 799 788 875 opulentam
803 799 997 874 quietamque

59 897 256 964 transferret,
287 899 395 954 contra
427 896 565 972 Syriacis
593 896 785 971 legionibus⁸
814 895 997 954 Germanica

59 997 188 1054 hiberna
208 994 282 1052 caelo
302 1011 339 1052 ac
364 993 521 1052 laboribus
543 994 620 1051 dura
649 995 858 1061 mutarentur;
886 993 998 1066 quippe

26 1109 28 1112 ·
57 1099 89 1154 et
103 1093 310 1170 provinciales
331 1096 418 1151 sueto
432 1093 566 1152 militum
582 1094 783 1152 contubernio
805 1094 994 1168 gaudebant,

57 1175 215 1268 plerique⁹
237 1191 514 1250 necessitudinibus
530 1194 560 1248 et
582 1191 864 1266 propinquitatibus
890 1190 995 1258 mixti,

56 1293 88 1348 et
99 1289 284 1347 militibus¹⁰
299 1290 454 1346 vetustate
470 1288 691 1362 stipendiorum
705 1291 778 1346 nota
789 1293 819 1345 et
830 1286 997 1344 familiaria

56 1390 161 1445 castra
177 1387 210 1444 in
224 1386 346 1443 modurn
361 1386 519 1460 penatium
535 1386 755 1460 diligebantur.

99 1490 153 1548 81.
177 1489 258 1547 Ante
272 1488 357 1546 idus¹
373 1487 473 1547 Julias
489 1488 582 1562 Syria
603 1489 701 1545 omnis
723 1488 754 1545 in
776 1487 880 1545 eodem
895 1504 995 1545 sacra-

58 1590 164 1646 mento
193 1585 262 1644 fuit.
300 1587 463 1644 Accessere
493 1602 561 1642 cum
590 1585 703 1659 regn0²
733 1586 889 1643 Sohaemus
918 1585 997 1643 haud

57 1683 239 1761 spernendis
255 1683 389 1752 viribuS,
410 1683 600 1741 Antiochus³
620 1684 752 1741 vetustis
768 1683 875 1758 opibus
890 1683 998 1757 ingens

57 1787 90 1842 et
111 1781 350 1842 inservientium
368 1799 475 1857 regum
490 1781 672 1840 ditissimus.
701 1784 774 1841 Mox
795 1800 850 1856 per
865 1782 998 1839 occultos

30 1888 186 1938 'suorum
215 1879 341 1937 nuntios
368 1879 488 1937 excitus
516 1879 555 1935 ab
584 1878 659 1936 urbe
684 1878 851 1953 Agrippa⁴‚
890 1879 998 1952 ignaro

56 1979 160 2037 adhuc
174 1976 317 2045 Vitellio,
345 1976 436 2035 celeri
456 1977 655 2052 navigatione
676 1980 905 2052 properaverat.
933 1977 999 2035 Nec

56 2076 180 2134 minore
194 2074 297 2131 animo
318 2073 427 2148 regina
441 2074 588 2132 Berenice
603 2057 706 2148 partes
717 2072 863 2148 juvabat,
887 2073 998 2130 florens

55 2177 153 2233 aetate
174 2172 333 2247 formaque
357 2173 388 2229 et
414 2172 480 2229 seni
505 2189 623 2246 quoque
645 2171 834 2246 Vespasiano
860 2172 997 2244 magnifi-

92 2327 115 2369 7.
136 2317 240 2367 11111-
252 2322 401 2372 ostectlulcr,
416 2313 506 2363 faisant

55 2385 138 2434 valoir
149 2399 206 2432 aveo
218 2392 256 2432 art
267 2398 296 2432 ce
308 2381 368 2447 qu’il
381 2379 470 2430 iuisait.

87 2458 109 2500 8.
122 2445 506 2512 Legionibuspourl'expression

53 2514 184 2579 classique
191 2513 357 2576 olcpiouibus.
367 2513 503 2562 liclimah

54 2583 96 2632 les
109 2579 233 2656 quartiers
248 2576 342 2627 d'hiver
359 2577 390 2626 de
408 2577 432 2624 la
449 2577 506 2626 Ger-

55 2662 144 2696 manic
154 2654 210 2694 sont
221 2660 293 2702 rccus
304 2659 335 2692 en
342 2641 451 2707 echange
462 2657 506 2706 par

54 2714 96 2762 les
117 2710 214 2776 legions
225 2709 256 2758 de
268 2707 347 2774 Syrie.
369 2709 403 2757 La
416 2707 505 2772 phrase

56 2778 118 2844 plus
142 2775 264 2840 complete
289 2773 380 2822 serait:
404 2773 505 2822 Germa-

55 2845 118 2892 nica
130 2842 236 2890 hiberno
251 2846 385 2889 coutuntur
396 2838 473 2902 Syrio
488 2855 504 2886 c

57 2909 87 2958 S.
101 2910 135 2966 l.,
150 2923 182 2955 au
195 2905 245 2955 lieu
257 2904 289 2953 dc
300 2905 377 2968 Syrio
388 2911 506 2952 mutatur

58 2972 217 3024 Germanicis
228 2971 347 3019 bibernis.
364 2971 430 3018 Pour
441 2984 505 3018 corn-

78 3037 169 3087 rendre
192 3045 256 3085 cette
279 3033 461 3090 construction,
487 3033 504 3082 il

57 3056 115 3153 lant
133 3101 212 3151 saveir
227 3116 276 3165 que
292 3108 392 3149 mutare
410 3115 437 3148 se
449 3115 506 3148 con-

58 3167 136 3218 struit
146 3167 178 3216 de
189 3166 255 3215 deux
267 3165 403 3215 manieres:
424 3180 455 3213 on
469 3164 507 3213 dit

56 3235 176 3298 pradum
187 3238 285 3280 mutare
296 3233 368 3289 uiuo,
382 3229 507 3294 echnnger

59 3316 106 3349 son
126 3296 197 3348 butin
215 3305 301 3346 contre
318 3296 351 3345 du
370 3295 423 3353 vin,
446 3294 507 3343 mais

59 3382 92 3414 on
106 3373 157 3412 mot
173 3361 239 3410 aussi
257 3364 272 3410 a
290 3360 398 3410 l’ablatif
412 3360 436 3408 lc
448 3375 506 3409 nom

59 3431 92 3479 de
107 3431 131 3479 la
143 3428 217 3478 chose
229 3425 303 3492 qu'on
316 3425 427 3490 echangc
436 3445 441 3472 :
449 3426 507 3475 Cirr

59 3497 127 3546 ualle
136 3501 277 3557 permutem
292 3492 388 3542 Sabina
404 3493 506 3540 divitica

10 3556 12 3563 ’
60 3561 161 3628 (hierli
180 3556 305 3626 pourquoi
328 3555 506 3622 changeraisje

555 2330 594 2379 ma
602 2314 679 2363 vallea
688 2314 780 2364 Sabine
790 2331 852 2380 pour
861 2316 897 2363 lcs
909 2314 998 2363 riches-

555 2396 602 2428 scs.
636 2379 700 2429 C'est
722 2389 786 2429 cette
809 2380 922 2430 derniere
943 2397 999 2430 con-

554 2444 674 2494 struction
694 2461 743 2510 que
765 2445 883 2499 Tacitae
905 2445 996 2494 imitec.

554 2512 582 2559 V.
598 2512 693 2568 Guntr.,
707 2517 718 2568 5
733 2517 786 2568 trs,
801 2527 861 2559 rem.
875 2520 897 2560 3.

588 2583 610 2624 9.
629 2576 745 2638 Plerique
755 2599 788 2618 =
799 2578 882 2625 ueniti.

590 2649 623 2689 10.
643 2642 774 2698 Militibus,
789 2658 810 2689 v.
825 2651 882 2690 note
895 2648 918 2689 8.

590 2714 643 2754 si.
663 2714 683 2754 l.
697 2707 756 2756 ldus
767 2707 791 2757 J.
806 2727 837 2749 =
852 2714 877 2755 15
886 2704 979 2769 juillet.

587 2779 609 2820 2.
629 2771 691 2820 Cum
700 2787 783 2834 reptio.
795 2773 828 2820 Le
839 2787 952 2837 rcyaumc
962 2772 994 2820 de

554 2836 684 2901 Sophene,
703 2847 773 2886 entre
791 2835 922 2886 l'hrmenic
934 2844 959 2884 et
975 2838 998 2885 la

554 2901 714 2966 Cappadoce,
733 2901 795 2951 avait
808 2905 847 2950 ete
859 2901 942 2951 donne'
954 2918 998 2965 par

554 2968 634 3017 Neron
645 2968 783 3025 dSoheme,
793 2967 879 3032 prince
886 2958 998 3017 d'llmesc

554 3032 675 3098 cnSyric.

588 3106 610 3147 3.
630 3097 777 3155 Antiochus,
795 3096 831 3146 roi
845 3097 876 3146 de
889 3097 999 3146 Comma-

555 3165 631 3229 gene,
645 3180 676 3211 au
689 3162 751 3213 nord
765 3163 796 3212 de
808 3164 832 3212 la
844 3162 926 3227 Syrie,
938 3163 997 3212 dtait

556 3246 589 3278 un
601 3227 741 3278 Seleucida.

587 3302 610 3342 4.
629 3293 751 3356 Agrippa.
775 3292 872 3342 Herode
888 3292 999 3358 Agrippa

556 3358 591 3416 ll,
610 3359 674 3408 lrbre
686 3358 717 3408 de
730 3357 861 3414 Berenice,
876 3358 938 3407 dont
954 3358 971 3407 il
984 3375 998 3407 a

555 3427 594 3472 ete
616 3423 729 3489 question
751 3439 781 3472 au
801 3423 840 3471 ch.
854 3431 880 3479 2,
903 3431 961 3472 note
975 3431 995 3480 1,

555 3488 615 3538 e‘tait
623 3489 658 3538 roi
668 3487 742 3537 d'unc
750 3487 828 3552 partie
837 3488 869 3538 dc
878 3488 995 3546 laludio,

555 3557 569 3603 a
582 3553 636 3604 l’est
648 3554 681 3603 du
694 3552 823 3604 Jourdain.
