2346 3922
165 228 205 287 66
248 210 253 215 -
384 244 527 286 CORNELII
549 244 650 286 'raom
670 243 883 286 HISTORIARUM

166 377 338 433 Romanam
353 376 383 432 et
401 376 519 449 partem
540 373 693 431 exercitus
712 376 743 431 et
761 389 975 448 prosperarum
995 373 1101 429 adver-

166 491 328 548 sarumque
343 490 445 531 rerum
460 472 571 541 socios3
589 472 616 529 si
630 471 754 529 fortuna
769 474 876 529 contra
893 472 995 540 daret,
1013 470 1103 529 iratis

167 591 204 630 ne
223 572 479 647 relinquerentur.

207 677 257 736 66,
283 676 341 734 His
359 677 390 733 et
410 675 550 750 pluribus
571 675 603 731 in
623 675 750 733 eundem
769 675 890 732 modum
905 665 1103 749 perpulerant

167 775 201 830 ut
220 791 258 830 ne
276 772 372 847 legati
388 773 509 848 quidem
528 789 563 830 ac
578 773 669 830 duces
687 773 821 847 partium
842 773 994 846 restingui
1015 788 1103 846 posse

166 872 357 929 iracundiam
379 872 531 929 exercitus
550 871 788 939 arbitrarentur,
812 889 879 928 cum
900 872 980 929 haud
1001 870 1103 944 ignari

167 970 354 1028 discriminis
370 966 622 1037 suiViennenses,
640 969 813 1026 velamenta
825 971 855 1026 et
870 967 983 1026 infulas
997 967 1102 1043 praefe·

167 1071 285 1137 rentes,
308 1068 361 1126 ubi
380 1083 489 1141 agmen
516 1067 697 1136 incesserat,
715 1084 815 1134 arma,
833 1083 946 1141 genua,
969 1065 1104 1139 vestigia

167 1166 356 1241 prensandol
387 1165 499 1222 flexere
522 1164 655 1222 militum
678 1165 811 1234 animos3
842 1165 961 1222 addidit
989 1164 1104 1224 Valens

166 1263 323 1322 trecenos²
345 1263 475 1338 slngulis
499 1263 649 1320 militibus
664 1263 831 1321 sestertios,
850 1265 927 1321 Tum
946 1263 1103 1320 vetustas³

168 1361 362 1435 dignitasque
381 1361 507 1418 coloniae
528 1360 627 1417 valuit
646 1363 677 1418 et
695 1360 790 1418 verba
809 1361 887 1418 Fabi
907 1360 1036 1419 salutem
1058 1360 1102 1416 in-

169 1459 435 1534 columitatemque
470 1459 691 1518 Viennensium
730 1459 969 1517 commendantis
1009 1458 1104 1531 aequis

168 1558 295 1616 auribus
322 1560 461 1632 accepta;
485 1556 623 1631 publice4
648 1559 751 1614 tamen
780 1557 875 1614 armis
894 1555 1016 1614 multati
1043 1556 1103 1630 pri-

168 1658 251 1714 vatis
271 1658 301 1714 et
322 1656 522 1731 promiscuis⁵
538 1655 633 1730 copiis
641 1654 751 1730 juvere
766 1656 905 1713 militem.
939 1655 997 1713 Sed
1022 1654 1104 1712 fama

169 1756 313 1812 constans
328 1753 387 1811 fuit
402 1754 501 1828 ipsum
512 1753 673 1812 Valentem
688 1770 799 1828 magna
813 1754 943 1828 pecunia
957 1755 1102 1827 emptum.

170 1855 200 1911 ls
229 1853 281 1910 diu
311 1851 466 1920 sordidus,
494 1854 619 1927 repente
640 1853 726 1910 dives
750 1853 950 1910 mutationem
975 1851 1105 1909 fortunae

128 2003 131 2010 ,
169 1951 248 2009 male
263 1952 400 2025 tegebat,
423 1951 559 2008 accensis
573 1953 709 2025 egestate
727 1951 820 2025 longa
841 1950 1035 2029 cupidinibus
1051 1950 1105 2007 im-

169 2050 343 2107 moderatus
372 2051 403 2106 et
428 2049 512 2123 inopi
536 2048 668 2124 juventa
699 2067 791 2107 senex
818 2049 974 2124 prodigus.
1007 2049 1105 2105 Lento

109 2140 111 2144 ⁴
170 2148 278 2206 deinde
293 2148 415 2224 agmine
434 2165 489 2223 per
508 2147 584 2205 fines
604 2147 804 2221 Allobrogum
818 2165 854 2205 ac
868 2146 1106 2206 Vocontiorum6

170 2247 278 2304 ductus
293 2239 460 2314 exercitus,
489 2246 556 2321 ipsa
584 2247 730 2304 itinerum
749 2247 850 2321 spatia
871 2248 901 2303 et
922 2245 1106 2303 stativorum

68 2366 73 2375 ’
115 2370 117 2375 v
171 2345 356 2402 mutationes
384 2345 582 2403 venditante⁷
607 2346 696 2414 duce,
723 2345 812 2402 scedis
837 2342 1031 2419 pactionibus
1055 2341 1106 2398 ad-

108 2442 110 2446 '
169 2442 296 2499 versus8
310 2450 497 2516 possessores
512 2458 656 2516 agrorum
671 2444 702 2500 et
716 2442 915 2516 magistratus
931 2439 1104 2506 civitatum,

170 2539 245 2597 adeo
260 2539 422 2597 minaciter
437 2541 471 2597 ut
486 2540 588 2597 Luco⁹
611 2540 821 2614 (municipium
842 2539 872 2597 id
888 2537 1108 2598 Vocontiorum

204 2692 259 2733 ⁰⁰.
274 2692 294 2732 l.
308 2683 396 2741 Arme,
410 2698 500 2745 penus,
511 2686 614 2746 vestigio

169 2765 303 2811 premere.
320 2749 340 2797 ll
358 2765 373 2814 y
389 2764 403 2797 a
418 2747 450 2797 ici
466 2765 499 2796 un
513 2764 615 2813 zeugma

172 2815 204 2876 (v.
224 2831 261 2880 gr.
282 2813 313 2863 dc
330 2815 357 2863 T.
380 2813 447 2880 176]:
470 2812 615 2862 s‘attachant

172 2896 221 2928 aux
244 2895 338 2939 armes,
360 2895 408 2927 aux
429 2895 540 2944 genoux,
566 2896 615 2928 aux

171 2944 242 3009 pieds
255 2945 299 2993 des
316 2944 419 3007 soldaris,

205 3019 227 3059 2.
247 3008 438 3060 Soinante-trols
451 3009 481 3058 lr.
499 3024 544 3074 par
556 3013 613 3059 tote.

171 3076 201 3125 V.
216 3076 300 3125 Gantr.
317 3083 366 3124 194.

206 3148 227 3189 3.
255 3140 348 3189 Vienne
373 3140 432 3189 erait
460 3156 516 3188 sans
541 3141 616 3189 doute

172 3206 351 3255 tres-ancienne
382 3222 476 3255 comme
510 3205 616 3271 capitale

172 3271 215 3319 des
239 3270 383 3336 Allobroges
406 3270 458 3336 (qui
482 3271 617 3320 habitaicnt

173 3345 242 3385 entre
254 3337 348 3394 l'lsdrc,
361 3337 383 3384 le
395 3337 493 3395 Rhene,
505 3339 528 3385 le
538 3338 575 3386 lac
585 3337 616 3386 de

174 3402 271 3452 Genese
287 3411 311 3450 et
323 3402 359 3450 les
371 3400 468 3467 Alpes),
491 3402 551 3451 mais
568 3403 616 3451 elle

174 3465 260 3528 n‘euit
285 3467 367 3516 c'lerec
391 3483 439 3531 que
457 3466 547 3532 depuis
567 3483 616 3532 peu

169 3533 239 3596 (sans
259 3532 335 3582 doute
358 3548 415 3583 sous
440 3532 562 3599 Caligula)
585 3549 617 3583 au

664 2700 726 2749 rung
737 2685 768 2734 de
777 2684 874 2733 colonie
886 2681 1008 2739 romaine,
1027 2682 1108 2731 tundis

666 2765 714 2813 que
727 2750 750 2798 la
762 2749 858 2798 colonie
870 2747 984 2797 militairc
997 2748 1027 2795 de
1040 2749 1108 2813 Lyon

666 2814 729 2863 avait
749 2817 787 2863 c'te
800 2814 890 2864 londte
902 2830 933 2863 on
945 2821 972 2862 44
991 2829 1027 2862 av.
1042 2814 1053 2862 J
1059 2814 1105 2863 .-C.

698 2889 720 2930 4.
740 2880 849 2929 Publice.
874 2881 909 2930 La
929 2878 976 2928 cite'
998 2878 1034 2926 fut
1053 2896 1109 2928 con·

666 2946 770 2994 damnee
788 2944 885 2994 alivrer
899 2961 937 2994 ses
949 2960 1036 2992 armos.

699 3011 1107 3073 5.Promiseuis,detoutecupere.

699 3083 720 3125 6.
743 3077 863 3133 Vocontii,
878 3076 939 3134 daps
952 3076 974 3122 la
986 3076 1109 3124 Provencc

666 3150 690 3189 et
703 3143 726 3191 le
741 3140 870 3206 Dauphine
882 3141 916 3189 du
929 3140 983 3188 sud.

700 3215 721 3255 7.
744 3208 902 3264 Vardacate,
926 3206 1060 3270 trafiquant
1078 3205 1110 3253 dc

667 3272 691 3319 la
706 3273 746 3322 lon
766 3288 827 3321 ueur
839 3273 882 3321 des
895 3272 1014 3322 marshes.

700 3345 721 3386 8.
745 3290 882 3396 llducrsus,
908 3343 922 3387 d
948 3339 1039 3403 l'e'gard
1063 3339 1108 3399 de,

666 3419 732 3453 arco.
751 3404 779 3452 V.
794 3420 829 3469 gr.
846 3405 878 3453 de
890 3405 917 3454 T.
939 3411 988 3455 139.

699 3476 721 3517 9.
741 3471 822 3518 Lucus
837 3470 954 3533 Augusti,
968 3471 1030 3529 Luc,
1048 3471 1110 3521 dans

667 3534 690 3583 le
703 3534 842 3600 Dauphine.
