2346 3922
130 229 170 286 42
350 246 493 289 CORNELII
513 247 613 289 TACITI
633 249 845 292 HISTORIARUM

130 375 279 447 militiaet,
306 379 341 436 ut
361 379 563 453 praetorianus
583 382 638 437 aut
661 380 849 456 legionarius
873 377 1065 455 insignibus⁷

130 475 184 532 vix
212 476 473 550 distingueretur:
504 479 690 537 miscentur⁸
724 478 928 537 auxiliaribus
967 477 1064 552 galeis

130 576 298 649 scutisque,
336 576 419 634 nullo
447 577 641 635 tribunorum
675 577 925 636 centurionumve
955 575 1063 632 adhor-

128 673 228 741 tante,
247 673 305 730 sibi
326 674 454 749 quisque
473 675 535 732 dux
556 678 587 733 et
605 675 785 750 instigatum
807 677 838 732 et
856 671 1063 747 praecipuum⁹

128 773 327 845 pessimorum
347 773 580 832 incitamentum
601 774 680 848 quod
700 772 772 830 boni
791 770 967 829 maerebant.

168 881 219 939 39.
242 883 312 941 Jam
327 883 493 941 exterritus
512 884 586 941 Piso
604 884 726 940 i'remitu
746 879 965 939 crebrescentis
984 878 1060 936 sedi·

126 979 222 1037 tionis
242 983 273 1038 et
288 981 413 1039 vocibus
435 982 466 1039 in
486 982 592 1039 urbem
613 999 707 1057 usque
727 979 941 1038 resonantibus
960 994 1060 1050 egres-

127 1095 193 1135 sum
205 1078 328 1136 interim
340 1079 469 1137 Galbam
480 1082 511 1138 et
521 1079 586 1137 foro
597 1079 893 1155 appropinquantem
903 1077 1060 1133 assecutus

126 1179 209 1247 erat;
236 1177 302 1253 jam
318 1179 436 1236 Marius
457 1178 561 1238 Celsus
585 1179 665 1236 haud
691 1178 761 1235 laeta
781 1162 959 1242 rettulerat,
991 1190 1060 1230 cum

125 1275 179 1332 alii
218 1276 250 1333 in
280 1276 435 1359 Palatium
470 1277 586 1346 redire,
617 1277 671 1334 alii
713 1275 897 1350 Capitolium
936 1274 1056 1347 petere,

124 1373 395 1449 plerique1r0stra
416 1376 590 1448 occupanda
604 1376 789 1443 censerent2,
816 1371 919 1446 plures
937 1372 1058 1427 tantum

124 1473 285 1530 sententiis
313 1473 443 1530 aliorum
467 1475 573 1530 contra
601 1472 751 1540 dicerent,
779 1471 872 1544 utque
896 1467 1001 1525 euenit
1025 1467 1057 1524 in

123 1569 259 1627 consiliis
274 1570 460 1640 infelicibuS,
478 1571 593 1644 optima
607 1570 786 1628 viderentur
796 1584 924 1642 quorum
937 1568 1058 1641 tempus

123 1666 281 1741 effugerat.
312 1668 455 1742 Agitasse
475 1669 556 1727 Laco
579 1670 687 1744 ignaro
708 1668 807 1728 Galba
832 1667 868 1724 de
893 1665 1056 1722 occidendo

123 1765 193 1825 Tito
208 1767 301 1825 Vinio
316 1767 439 1837 dicitur,
458 1767 523 1826 sive
539 1770 574 1825 ut
593 1785 683 1843 poena
703 1767 768 1842 ejus
786 1765 904 1823 animos
923 1763 1056 1820 militum

123 1863 285 1934 mulceret,
307 1882 359 1923 seu
385 1867 538 1924 conscium
558 1867 686 1925 Othonis
705 1863 861 1931 credebat,
882 1862 920 1918 ad
939 1863 1054 1935 postre-

122 1980 203 2019 mum
218 1964 286 2021 uel3
301 1964 380 2022 odio.
397 1965 630 2023 Haesitationem
644 1962 751 2022 attulit
770 1965 889 2036 tempus
903 1977 939 2016 ac
952 1958 1053 2026 locus,

121 2061 194 2135 quia
215 2061 304 2120 initio
325 2063 415 2120 caedis
435 2065 520 2121 orto⁴
540 2063 672 2121 difficilis
690 2062 812 2130 modus;
834 2062 865 2117 et
888 2058 1055 2116 turbavere

122 2159 281 2216 consilium
296 2161 408 2234 trepidi
424 2161 525 2219 nuntii
539 2179 575 2218 ac
589 2161 797 2235 proximorum
811 2157 967 2230 diffugiat
988 2154 1052 2211 lan·

121 2257 284 2331 guentibus
307 2259 443 2316 omnium
472 2260 582 2340 studiis
610 2260 662 2334 qui
691 2260 789 2334 primo
818 2257 934 2314 alacres
962 2254 1052 2312 fidem

120 2357 211 2430 atque
230 2357 364 2414 animum
379 2360 619 2416 ostentaverant.

159 2461 210 2520 40.
233 2461 391 2535 Agebatur
404 2463 463 2520 huc
473 2462 546 2519 illuc
558 2461 671 2532 Galba,
689 2461 776 2519 vario
790 2459 889 2518 turbae
902 2459 1051 2516 fluctuan-

117 2559 159 2619 tis
180 2559 327 2633 impulsu,
345 2559 503 2636 completis
524 2561 657 2636 undique
682 2560 835 2619 basilicis¹
857 2576 892 2616 ac
910 2557 1048 2632 templis,

151 2726 173 2768 6.
187 2719 249 2767 Sans
261 2734 287 2766 se
296 2717 456 2768 conformari
466 2717 558 2783 l'usage
642 2724 663 2768 9.
683 2718 844 2780 Praecipuum
861 2719 1050 2765 incitamentum

117 2795 141 2834 et
153 2787 167 2833 i
179 2782 269 2832 l'oidre
280 2783 314 2832 du
327 2783 432 2841 ceruice,
449 2783 480 2832 dc
493 2794 558 2832 sorte
609 2785 663 2848 (troc
674 2786 738 2845 erni)
751 2786 823 2847 quod.
838 2784 866 2832 V.
880 2783 903 2830 ln
912 2791 1003 2832 constr.
1018 2782 1049 2831 de

117 2866 166 2915 que
178 2851 214 2898 les
226 2848 363 2914 preteriens
379 2859 403 2898 et
415 2849 451 2898 les
463 2848 556 2914 legion·
606 2851 683 2914 qutcd,
697 2850 781 2899 Gantr.
797 2857 846 2905 170,
860 2855 882 2896 2.

117 2915 197 2964 naircs
219 2914 352 2979 pouuaicnt
374 2918 389 2962 i
412 2914 485 2979 peine
505 2920 557 2964 etue
640 2923 695 2964 20.
714 2925 734 2965 1.
748 2915 994 2978 Pteriqnc=mnlti

116 2981 251 3047 distingues
270 2996 315 3045 par
329 2981 396 3030 leurs
413 2996 492 3030 armes
504 2984 558 3045 spe·
638 2990 660 3031 2.
681 2983 833 3056 Remerqucz
850 2980 873 3029 le
885 2979 1048 3043 changement

115 3046 198 3096 ciales.
605 3047 637 3096 de
650 3057 817 3096 construction
829 3060 886 3094 avec
898 3061 1004 3094 contere.

148 3121 170 3160 7.
190 3112 338 3175 Insipnibnn.
352 3110 556 3161 L'urmedistiuc-
638 3118 659 3162 3.
686 3112 725 3162 Aa
742 3118 896 3176 postremum
917 3112 969 3169 oct,
1000 3110 1047 3160 soit

115 3176 163 3226 tive
174 3178 208 3226 du
221 3177 373 3242 lc'gionnuire
385 3177 444 3226 erait
458 3177 481 3226 le
490 3175 555 3239 jave—
604 3177 679 3227 enfin.

115 3244 150 3291 lot
163 3246 276 3307 (pilum),
294 3243 317 3292 le
329 3242 453 3308 pretorien
464 3242 556 3308 portait
636 3253 659 3292 4.
678 3245 752 3293 lnitic
761 3249 823 3292 orto.
833 3242 862 3291 V.
874 3240 1043 3308 gr.de'l'.172.

114 3309 138 3357 la
151 3310 229 3358 lance.
636 3317 657 3359 5.
678 3307 802 3374 Diffnpio.
825 3317 875 3356 mot
887 3310 942 3356 cree
954 3316 979 3356 et
997 3322 1045 3356 em·

146 3381 160 3423 8
194 3375 337 3432 Miscentur,
360 3374 390 3422 ils
413 3389 439 3422 sc
462 3374 554 3424 melent
603 3376 676 3441 ployd
693 3389 741 3423 une
753 3373 822 3423 seule
834 3372 881 3421 fois
897 3372 1011 3436 parTac.

113 3449 185 3504 ayant
201 3440 244 3488 des
264 3455 367 3504 casques
388 3450 412 3489 et
430 3439 473 3488 des
493 3439 554 3490 hou·
637 3449 691 3489 40.
712 3448 732 3488 1.
746 3440 792 3488 Les
804 3437 939 3502 basiliques
952 3437 1046 3487 etaient

112 3505 185 3554 clicrs
200 3506 231 3555 de
248 3514 348 3571 troupcs
361 3505 510 3557 auxiliaires.
603 3506 647 3556 des
656 3506 745 3563 halles,
755 3507 787 3554 ob
796 3503 929 3569 siegeaient
938 3503 1044 3554 certatus
