2346 3922
383 269 474 314 umen
494 271 538 318 1v.
562 271 628 314 cnr.
652 255 785 317 22-24.
996 253 1057 314 279

119 404 253 464 adversa
266 420 385 480 quoque
399 403 584 464 tolerabant.
601 404 761 464 Machinas
772 402 880 472 etiam,
899 401 1056 460 insolitum

120 501 197 571 sibi,
214 501 298 570 ausi3
317 517 372 558 neo
380 501 403 536 1²
424 499 487 559 ulla
508 501 583 576 ipsis
602 501 754 572 sollertia;
777 499 913 577 perfugae
928 500 1056 577 captivi·-

113 617 180 680 quc
205 598 354 657 docebant
379 599 498 657 struere
526 599 672 657 materias
701 598 732 657 in
762 599 883 657 modum
908 598 1011 675 pontis
1021 599 1053 667 ¹³,

119 713 193 754 mox
217 693 363 770 subjectis
388 696 465 754 rotis
490 698 675 772 propellere,
707 700 742 756 ut
767 697 821 754 alii
847 699 1057 772 superstantes

119 794 277 867 tamquam
292 809 330 848 ex
345 808 458 866 aggere
476 793 704 868 proeliarentur,
728 812 799 870 pars
815 795 898 853 intus
908 796 929 830 ¹⁴
945 795 1055 853 occulti

120 906 224 948 muros
235 889 427 950 subruerent.
447 888 506 947 Sed
517 907 645 948 excussa
655 890 820 949 ballistis¹⁵
832 908 906 949 saxa
917 893 1055 951 stravere

120 987 251 1047 informe
266 1005 352 1064 opus.
370 989 409 1046 Et
420 989 520 1046 crates
531 988 730 1062 vineasque¹⁶
744 989 925 1063 parantibus
940 990 1055 1048 adactae

119 1088 283 1145 tormentis
292 1088 314 1123 ¹⁷
339 1087 481 1145 ardentes
506 1087 617 1155 hastae,
648 1087 790 1161 ultroque
816 1088 874 1164 ipsi
901 1106 1054 1165 oppugna·

118 1187 203 1244 tores
218 1185 343 1261 ignibus
357 1185 551 1261 petebantur,
569 1185 663 1243 donec
674 1185 835 1260 desperata
849 1184 881 1242 vi
898 1186 1055 1243 verterent

118 1279 282 1344 consilium
307 1283 345 1342 ad
370 1301 485 1352 moras,
514 1284 593 1341 haud
619 1284 720 1357 ignari
746 1300 911 1359 paucorum
937 1284 1054 1342 dierum

120 1383 222 1442 inesse
243 1384 391 1442 alimenta
411 1384 441 1440 et
462 1381 592 1439 multum
618 1382 750 1440 imbellis
771 1382 881 1440 turbae.
899 1381 997 1440 Simul
1017 1401 1056 1441 ex

119 1482 225 1558 inopia
238 1482 373 1559 proditio
388 1484 419 1540 et
438 1480 522 1547 fluxa
541 1481 738 1539 servitiorum
747 1481 770 1516 ¹⁸
788 1479 862 1538 fides
877 1498 912 1538 ao
926 1480 1056 1539 fortuita

120 1579 194 1639 belli
214 1568 483 1671 sperabanturfs'

160 1712 210 1770 24.
235 1710 362 1769 Flaccus
387 1676 510 1767 interim
532 1711 654 1785 cognito
674 1714 843 1769 castrorum
858 1711 975 1770 obsidio
985 1714 1004 1781 ¹,
1022 1715 1053 1770 et

118 1806 221 1866 missis
235 1824 291 1882 per
302 1807 418 1866 Gallias
430 1807 481 1880 qui
497 1806 615 1864 auxilia
631 1808 804 1878 concirent,
821 1808 915 1867 lectos
930 1828 946 1867 e
961 1809 1054 1885 legio·

119 1905 210 1963 nibus
235 1904 329 1963 Dillio
344 1904 482 1973 Voculae,
510 1905 910 1984 duoetvicesimaelegionis
935 1909 1052 1985 legato,

118 2003 232 2072 tradit,
256 2005 400 2078 utquam
426 2003 569 2062 maximis
595 1998 774 2080 per‘ripam
800 2008 964 2067 itineribus
979 2009 1054 2067 cele·

119 2102 220 2169 raret,
245 2101 311 2176 ipse
332 2101 477 2170 navibus,
501 2102 656 2161 invalidus
671 2121 811 2180 corpore,
840 2107 959 2166 invisus
974 2109 1053 2166 mili·

118 2199 212 2257 tibus.
248 2199 355 2274 Neque
383 2201 465 2257 enim
493 2201 635 2276 ambigue
663 2202 854 2261 fremebant:
886 2206 1012 2264 emissas
1036 2223 1056 2264 a

118 2297 313 2372 Mogontiaco
334 2296 522 2357 Batavorum
543 2299 698 2368 cohortes,
716 2301 924 2360 dissimulatos
946 2302 1054 2362 Civilis

153 2458 187 2500 12.
198 2451 406 2510 Nec=nccoero‚
415 2467 459 2501 nec
467 2459 559 2502 tanton.

611 2453 761 2517 catapultas,
781 2456 869 2519 espdce
881 2455 912 2506 de
924 2456 1002 2522 grand
1014 2473 1054 2508 arc

118 2517 146 2566 V.
161 2533 197 2583 gr.
211 2517 243 2565 de
255 2516 312 2567 Tac.
327 2525 377 2567 115.

611 2518 708 2567 attache'
728 2521 743 2566 d
764 2535 796 2567 un
818 2532 922 2586 support
937 2522 969 2572 de
989 2522 1052 2574 bois.

153 2590 188 2631 13.
202 2583 298 2631 Pontis.
312 2583 332 2632 ll
343 2581 412 2647 s'agit
423 2581 496 2631 d'une
506 2592 562 2632 tour

117 2646 223 2705 mobile,
246 2646 304 2696 faite
321 2647 353 2696 de
372 2657 474 2714 poutres
494 2648 561 2696 etde

116 2712 249 2776 planches,
262 2728 293 2761 au
306 2712 391 2761 milieu
403 2713 434 2762 de
452 2713 561 2778 laquelle

117 2777 178 2827 e'tait
186 2777 283 2827 attach&
293 2795 325 2826 uu
333 2788 403 2843 pont.
417 2779 487 2828 Cette
495 2788 560 2836 tour,

117 2845 203 2893 roulde
217 2841 334 2918 jusqu'au
353 2843 409 2907 pied
431 2845 475 2893 des
498 2859 560 2892 rem-

117 2917 200 2974 parts,
214 2925 229 2973 y
241 2908 334 2957 laissait
346 2908 443 2958 tumber
454 2909 477 2958 le
489 2919 559 2973 pont.

153 2982 188 3023 14.
206 2974 289 3032 littus,
308 2974 370 3023 dans
382 2973 519 3023 l'inte‘rieur
529 2975 561 3023 de

117 3039 143 3087 la
156 3047 219 3087 tour.

153 3110 188 3152 15.
215 3104 338 3162 Bulliatir,
368 3103 412 3153 des
435 3104 560 3154 macliines

116 3183 176 3217 avec
198 3168 332 3244 lesquelles
360 3185 392 3218 on
416 3169 507 3227 lancait
529 3170 561 3219 de

115 3250 214 3300 grossas
245 3250 320 3283 remes
329 3251 387 3284 sous
400 3251 433 3283 un
445 3236 517 3300 angle
530 3235 561 3284 de

114 3307 165 3350 45⁰.
184 3300 212 3348 V.
226 3250 273 3357 sil,
288 3307 328 3357 23,
343 3310 401 3349 note
413 3308 435 3349 2.

152 3372 188 3414 16.
209 3366 298 3423 Vinea,
313 3381 335 3414 v.
348 3365 385 3424 ll,
399 3373 440 3423 21,
454 3374 511 3414 note
520 3373 543 3413 6.

152 3438 187 3480 17.
210 3431 350 3480 Tormenta.
360 3431 388 3480 V.
399 3430 443 3489 Ill,
453 3438 490 3489 20,
502 3448 525 3480 n.
537 3439 559 3480 8.

114 3497 151 3546 Cc
164 3506 240 3546 terme
252 3496 352 3563 gtnc‘ral
364 3495 466 3566 de'signe
483 3496 513 3544 ici
525 3498 561 3545 les

610 2584 681 2632 (letto
693 2582 806 2633 machine
824 2585 915 2644 lancait
932 2587 976 2636 des
990 2587 1054 2651 juvo

611 2648 687 2706 lines,
705 2649 765 2697 dont
782 2650 805 2698 le
822 2649 867 2709 fer,
882 2652 939 2717 long
951 2652 982 2701 de
995 2654 1054 2704 trois

610 2713 695 2777 pieds,
718 2714 777 2763 dtait
808 2720 911 2767 eutoure'
938 2717 1054 2784 d’e‘toupe

611 2781 721 2843 trempee
741 2779 803 2828 dans
827 2798 860 2830 un
885 2783 997 2848 melange
1022 2784 1054 2833 de

611 2843 669 2908 polu
692 2853 717 2892 et
739 2845 771 2894 de
795 2845 886 2896 souffre
909 2857 934 2897 et
956 2852 1053 2898 arrosde

610 2908 712 2958 d'huile.

646 2982 680 3023 18.
694 2975 816 3034 Servitia,
826 2975 903 3027 subst.
915 2976 979 3027 abst.
990 2994 1054 3043 pour

609 3040 754 3089 lecoucret.
780 3043 826 3091 Les
848 3043 924 3092 valets
947 3044 1053 3095 d'armec

610 3107 726 3170 (ramnes)
739 3106 831 3155 c'taiont
842 3107 886 3157 des
898 3109 1013 3158 esclavcs.

645 3179 698 3220 u.
726 3180 747 3221 1.
773 3172 881 3223 Obsidio.
911 3173 945 3222 Le
965 3185 1053 3224 neutro

610 3237 744 3294 obsidium,
761 3254 824 3303 pour
836 3239 859 3286 le
872 3237 929 3286 fem.
943 3239 1050 3299 obsidio,

610 3312 647 3350 est
663 3311 761 3351 surtout
778 3319 868 3368 propre
885 3319 934 3352 auu
952 3314 1052 3355 auteurs

610 3366 641 3415 de
661 3367 787 3432 l'empire,
817 3377 842 3417 et
870 3383 901 3417 ne
924 3372 1003 3432 parcit
1025 3387 1051 3420 se

610 3441 708 3481 trouver
723 3432 749 3480 ni
772 3434 834 3482 daus
852 3434 927 3484 Cesar
944 3434 969 3483 ni
990 3436 1052 3486 daus

610 3496 721 3547 Ciceron.
