<?xml version="1.0" encoding="UTF-8"?>
<!DOCTYPE html PUBLIC "-//W3C//DTD XHTML 1.0 Transitional//EN"
    "http://www.w3.org/TR/xhtml1/DTD/xhtml1-transitional.dtd">
<html xmlns="http://www.w3.org/1999/xhtml" xml:lang="en" lang="en">
 <head>
  <title>
</title>
<meta http-equiv="Content-Type" content="text/html;charset=utf-8" />
  <meta name='ocr-system' content='tesseract 3.04.00' />
  <meta name='ocr-capabilities' content='ocr_page ocr_carea ocr_par ocr_line ocrx_word'/>
</head>
<body>
  <div class='ocr_page' id='page_1' title='image "./corneliitacitih00gantgoog_0101.png"; bbox 0 0 2346 3922; ppageno 0'>
   <div class='ocr_carea' id='block_1_1' title="bbox 133 237 840 294">
    <p class='ocr_par' dir='ltr' id='par_1_1' title="bbox 133 237 840 294">
     <span class='ocr_line' id='line_1_1' title="bbox 133 237 840 294; baseline -0.006 -1"><span class='ocrx_word' id='word_1_1' title='bbox 133 237 172 294; x_wconf 88' lang='lat'>88</span> <span class='ocrx_word' id='word_1_2' title='bbox 343 249 485 293; x_wconf 81' lang='lat' dir='ltr'>conunnn</span> <span class='ocrx_word' id='word_1_3' title='bbox 507 247 607 290; x_wconf 75' lang='lat' dir='ltr'>rncrm</span> <span class='ocrx_word' id='word_1_4' title='bbox 627 248 840 291; x_wconf 74' lang='lat' dir='ltr'>nisronniaulr</span> 
     </span>
    </p>
   </div>
   <div class='ocr_carea' id='block_1_2' title="bbox 123 366 1092 2606">
    <p class='ocr_par' dir='ltr' id='par_1_2' title="bbox 123 366 1092 2606">
     <span class='ocr_line' id='line_1_2' title="bbox 143 366 1067 453; baseline -0.009 -11"><span class='ocrx_word' id='word_1_5' title='bbox 143 366 146 373; x_wconf 37' lang='lat'><strong><em>⁴</em></strong></span> <span class='ocrx_word' id='word_1_6' title='bbox 173 383 222 442; x_wconf 87' lang='lat'>90.</span> <span class='ocrx_word' id='word_1_7' title='bbox 248 383 354 442; x_wconf 79' lang='lat' dir='ltr'>Pridie</span> <span class='ocrx_word' id='word_1_8' title='bbox 368 382 441 440; x_wconf 89' lang='lat' dir='ltr'>idus</span> <span class='ocrx_word' id='word_1_9' title='bbox 463 381 611 440; x_wconf 87' lang='lat' dir='ltr'>Martias1</span> <span class='ocrx_word' id='word_1_10' title='bbox 633 380 843 438; x_wconf 89' lang='lat' dir='ltr'>commendata</span> <span class='ocrx_word' id='word_1_11' title='bbox 867 378 1008 453; x_wconf 88' lang='lat' dir='ltr'>patribus</span> <span class='ocrx_word' id='word_1_12' title='bbox 1034 395 1067 434; x_wconf 90' lang='lat' dir='ltr'>re</span> 
     </span>
     <span class='ocr_line' id='line_1_3' title="bbox 131 477 1067 557; baseline -0.007 -17"><span class='ocrx_word' id='word_1_13' title='bbox 131 482 254 557; x_wconf 89' lang='lat' dir='ltr'>publica</span> <span class='ocrx_word' id='word_1_14' title='bbox 274 482 421 556; x_wconf 78' lang='lat' dir='ltr'>reliquias</span> <span class='ocrx_word' id='word_1_15' title='bbox 447 480 695 539; x_wconf 88' lang='lat' dir='ltr'>Neronianarum</span> <span class='ocrx_word' id='word_1_16' title='bbox 721 480 908 537; x_wconf 78' lang='lat' dir='ltr'>sectionum²</span> <span class='ocrx_word' id='word_1_17' title='bbox 933 477 1067 534; x_wconf 90' lang='lat' dir='ltr'>nondum</span> 
     </span>
     <span class='ocr_line' id='line_1_4' title="bbox 131 576 1064 644; baseline -0.008 -5"><span class='ocrx_word' id='word_1_18' title='bbox 131 582 162 638; x_wconf 91' lang='lat' dir='ltr'>in</span> <span class='ocrx_word' id='word_1_19' title='bbox 188 581 294 639; x_wconf 86' lang='lat' dir='ltr'>fiscum</span> <span class='ocrx_word' id='word_1_20' title='bbox 323 595 485 638; x_wconf 85' lang='lat' dir='ltr'>conversas</span> <span class='ocrx_word' id='word_1_21' title='bbox 514 578 666 637; x_wconf 83' lang='lat' dir='ltr'>revocatis</span> <span class='ocrx_word' id='word_1_22' title='bbox 690 577 729 635; x_wconf 87' lang='lat' dir='ltr'>ab</span> <span class='ocrx_word' id='word_1_23' title='bbox 759 576 868 635; x_wconf 84' lang='lat' dir='ltr'>exsilio</span> <span class='ocrx_word' id='word_1_24' title='bbox 897 576 1064 644; x_wconf 80' lang='lat' dir='ltr'>concessit,</span> 
     </span>
     <span class='ocr_line' id='line_1_5' title="bbox 125 672 1066 751; baseline -0.007 -16"><span class='ocrx_word' id='word_1_25' title='bbox 125 676 331 751; x_wconf 88' lang='lat' dir='ltr'>justissimum</span> <span class='ocrx_word' id='word_1_26' title='bbox 357 678 469 735; x_wconf 92' lang='lat' dir='ltr'>donum</span> <span class='ocrx_word' id='word_1_27' title='bbox 494 678 525 734; x_wconf 91' lang='lat' dir='ltr'>et</span> <span class='ocrx_word' id='word_1_28' title='bbox 549 676 581 733; x_wconf 90' lang='lat' dir='ltr'>in</span> <span class='ocrx_word' id='word_1_29' title='bbox 612 676 743 751; x_wconf 87' lang='lat' dir='ltr'>speciem</span> <span class='ocrx_word' id='word_1_30' title='bbox 772 673 983 748; x_wconf 83' lang='lat' dir='ltr'>magnificum,</span> <span class='ocrx_word' id='word_1_31' title='bbox 1015 672 1066 729; x_wconf 87' lang='lat' dir='ltr'>scd</span> 
     </span>
     <span class='ocr_line' id='line_1_6' title="bbox 129 771 1065 851; baseline -0.006 -19"><span class='ocrx_word' id='word_1_32' title='bbox 129 775 276 834; x_wconf 83' lang='lat' dir='ltr'>festinata</span> <span class='ocrx_word' id='word_1_33' title='bbox 296 774 362 851; x_wconf 89' lang='lat' dir='ltr'>jam</span> <span class='ocrx_word' id='word_1_34' title='bbox 377 775 496 851; x_wconf 80' lang='lat' dir='ltr'>pridem</span> <span class='ocrx_word' id='word_1_35' title='bbox 517 774 678 832; x_wconf 80' lang='lat' dir='ltr'>exactione</span> <span class='ocrx_word' id='word_1_36' title='bbox 699 791 755 830; x_wconf 92' lang='lat' dir='ltr'>usu</span> <span class='ocrx_word' id='word_1_37' title='bbox 777 771 891 831; x_wconf 91' lang='lat' dir='ltr'>sterile.</span> <span class='ocrx_word' id='word_1_38' title='bbox 925 773 999 830; x_wconf 81' lang='lat' dir='ltr'>Mox</span> <span class='ocrx_word' id='word_1_39' title='bbox 1014 788 1065 827; x_wconf 88' lang='lat' dir='ltr'>vo·</span> 
     </span>
     <span class='ocr_line' id='line_1_7' title="bbox 129 868 1067 947; baseline -0.006 -17"><span class='ocrx_word' id='word_1_40' title='bbox 129 875 198 930; x_wconf 87' lang='lat' dir='ltr'>cata</span> <span class='ocrx_word' id='word_1_41' title='bbox 219 873 360 930; x_wconf 89' lang='lat' dir='ltr'>contione</span> <span class='ocrx_word' id='word_1_42' title='bbox 379 871 571 947; x_wconf 88' lang='lat' dir='ltr'>majestatem</span> <span class='ocrx_word' id='word_1_43' title='bbox 595 871 681 928; x_wconf 93' lang='lat' dir='ltr'>urbis</span> <span class='ocrx_word' id='word_1_44' title='bbox 702 873 733 928; x_wconf 90' lang='lat' dir='ltr'>et</span> <span class='ocrx_word' id='word_1_45' title='bbox 760 885 939 927; x_wconf 92' lang='lat' dir='ltr'>consensum</span> <span class='ocrx_word' id='word_1_46' title='bbox 961 868 1067 942; x_wconf 88' lang='lat' dir='ltr'>populi</span> 
     </span>
     <span class='ocr_line' id='line_1_8' title="bbox 129 967 1066 1044; baseline -0.003 -17"><span class='ocrx_word' id='word_1_47' title='bbox 129 987 165 1027; x_wconf 89' lang='lat' dir='ltr'>ac</span> <span class='ocrx_word' id='word_1_48' title='bbox 194 973 317 1027; x_wconf 88' lang='lat' dir='ltr'>senatus</span> <span class='ocrx_word' id='word_1_49' title='bbox 346 971 419 1044; x_wconf 82' lang='lat' dir='ltr'>pro³</span> <span class='ocrx_word' id='word_1_50' title='bbox 452 987 484 1027; x_wconf 89' lang='lat' dir='ltr'>se</span> <span class='ocrx_word' id='word_1_51' title='bbox 513 968 657 1026; x_wconf 89' lang='lat' dir='ltr'>attollens</span> <span class='ocrx_word' id='word_1_52' title='bbox 690 968 852 1026; x_wconf 89' lang='lat' dir='ltr'>adversum</span> <span class='ocrx_word' id='word_1_53' title='bbox 881 967 1066 1026; x_wconf 85' lang='lat' dir='ltr'>Vitellianas</span> 
     </span>
     <span class='ocr_line' id='line_1_9' title="bbox 129 1065 1066 1142; baseline -0.003 -17"><span class='ocrx_word' id='word_1_54' title='bbox 129 1071 232 1142; x_wconf 89' lang='lat' dir='ltr'>partes</span> <span class='ocrx_word' id='word_1_55' title='bbox 258 1069 392 1126; x_wconf 76' lang='lat' dir='ltr'>modeste</span> <span class='ocrx_word' id='word_1_56' title='bbox 417 1068 577 1136; x_wconf 84' lang='lat' dir='ltr'>disseruit,</span> <span class='ocrx_word' id='word_1_57' title='bbox 606 1067 761 1125; x_wconf 89' lang='lat' dir='ltr'>inscitiam</span> <span class='ocrx_word' id='word_1_58' title='bbox 783 1067 885 1140; x_wconf 92' lang='lat' dir='ltr'>potius</span> <span class='ocrx_word' id='word_1_59' title='bbox 911 1065 1066 1140; x_wconf 81' lang='lat' dir='ltr'>legionum</span> 
     </span>
     <span class='ocr_line' id='line_1_10' title="bbox 130 1162 1063 1239; baseline -0.002 -18"><span class='ocrx_word' id='word_1_60' title='bbox 130 1182 220 1238; x_wconf 90' lang='lat' dir='ltr'>quam</span> <span class='ocrx_word' id='word_1_61' title='bbox 245 1165 403 1222; x_wconf 85' lang='lat' dir='ltr'>audaciam</span> <span class='ocrx_word' id='word_1_62' title='bbox 429 1165 609 1239; x_wconf 87' lang='lat' dir='ltr'>increpans,</span> <span class='ocrx_word' id='word_1_63' title='bbox 640 1163 725 1221; x_wconf 88' lang='lat' dir='ltr'>nulla</span> <span class='ocrx_word' id='word_1_64' title='bbox 745 1162 866 1222; x_wconf 83' lang='lat' dir='ltr'>Vitellii</span> <span class='ocrx_word' id='word_1_65' title='bbox 891 1164 1063 1231; x_wconf 86' lang='lat' dir='ltr'>mentione,</span> 
     </span>
     <span class='ocr_line' id='line_1_11' title="bbox 129 1260 1092 1336; baseline -0.002 -18"><span class='ocrx_word' id='word_1_66' title='bbox 129 1261 194 1318; x_wconf 85' lang='lat' dir='ltr'>sive</span> <span class='ocrx_word' id='word_1_67' title='bbox 220 1261 316 1336; x_wconf 92' lang='lat' dir='ltr'>ipsius</span> <span class='ocrx_word' id='word_1_68' title='bbox 339 1279 378 1318; x_wconf 86' lang='lat' dir='ltr'>ea</span> <span class='ocrx_word' id='word_1_69' title='bbox 399 1260 583 1329; x_wconf 90' lang='lat' dir='ltr'>moderatio,</span> <span class='ocrx_word' id='word_1_70' title='bbox 608 1277 660 1318; x_wconf 93' lang='lat' dir='ltr'>seu</span> <span class='ocrx_word' id='word_1_71' title='bbox 683 1261 816 1335; x_wconf 90' lang='lat' dir='ltr'>scriptor</span> <span class='ocrx_word' id='word_1_72' title='bbox 837 1260 986 1317; x_wconf 87' lang='lat' dir='ltr'>orationis</span> <span class='ocrx_word' id='word_1_73' title='bbox 1006 1261 1065 1317; x_wconf 90' lang='lat' dir='ltr'>sibi</span> <span class='ocrx_word' id='word_1_74' title='bbox 1090 1289 1092 1292; x_wconf 56' lang='lat'>&gt;</span> 
     </span>
     <span class='ocr_line' id='line_1_12' title="bbox 128 1357 1062 1431; baseline -0.002 -15"><span class='ocrx_word' id='word_1_75' title='bbox 128 1362 267 1417; x_wconf 90' lang='lat' dir='ltr'>metuens</span> <span class='ocrx_word' id='word_1_76' title='bbox 288 1358 483 1417; x_wconf 88' lang='lat' dir='ltr'>contumeliis</span> <span class='ocrx_word' id='word_1_77' title='bbox 502 1360 534 1416; x_wconf 91' lang='lat' dir='ltr'>in</span> <span class='ocrx_word' id='word_1_78' title='bbox 549 1357 710 1418; x_wconf 89' lang='lat' dir='ltr'>Vitellium</span> <span class='ocrx_word' id='word_1_79' title='bbox 724 1358 890 1427; x_wconf 88' lang='lat' dir='ltr'>abstinuit,</span> <span class='ocrx_word' id='word_1_80' title='bbox 913 1358 1062 1431; x_wconf 65' lang='lat' dir='ltr'>quondm,</span> 
     </span>
     <span class='ocr_line' id='line_1_13' title="bbox 128 1454 1065 1514; baseline -0.001 -2"><span class='ocrx_word' id='word_1_81' title='bbox 128 1459 163 1512; x_wconf 89' lang='lat' dir='ltr'>ut</span> <span class='ocrx_word' id='word_1_82' title='bbox 188 1456 219 1513; x_wconf 93' lang='lat' dir='ltr'>in</span> <span class='ocrx_word' id='word_1_83' title='bbox 245 1455 383 1513; x_wconf 90' lang='lat' dir='ltr'>consiliis</span> <span class='ocrx_word' id='word_1_84' title='bbox 411 1455 532 1513; x_wconf 86' lang='lat' dir='ltr'>militiae</span> <span class='ocrx_word' id='word_1_85' title='bbox 562 1455 708 1514; x_wconf 87' lang='lat' dir='ltr'>Suetonio</span> <span class='ocrx_word' id='word_1_86' title='bbox 741 1454 873 1513; x_wconf 90' lang='lat' dir='ltr'>Paulino</span> <span class='ocrx_word' id='word_1_87' title='bbox 903 1456 934 1511; x_wconf 91' lang='lat' dir='ltr'>et</span> <span class='ocrx_word' id='word_1_88' title='bbox 963 1456 1065 1512; x_wconf 90' lang='lat' dir='ltr'>Mario</span> 
     </span>
     <span class='ocr_line' id='line_1_14' title="bbox 128 1551 1064 1626; baseline -0.004 -15"><span class='ocrx_word' id='word_1_89' title='bbox 128 1553 230 1622; x_wconf 88' lang='lat' dir='ltr'>Celso,</span> <span class='ocrx_word' id='word_1_90' title='bbox 255 1554 300 1611; x_wconf 90' lang='lat' dir='ltr'>ita</span> <span class='ocrx_word' id='word_1_91' title='bbox 320 1554 352 1610; x_wconf 91' lang='lat' dir='ltr'>in</span> <span class='ocrx_word' id='word_1_92' title='bbox 373 1553 464 1610; x_wconf 86' lang='lat' dir='ltr'>rebus</span> <span class='ocrx_word' id='word_1_93' title='bbox 483 1552 610 1619; x_wconf 87' lang='lat' dir='ltr'>urbanis</span> <span class='ocrx_word' id='word_1_94' title='bbox 631 1553 737 1611; x_wconf 84' lang='lat' dir='ltr'>Galeri</span> <span class='ocrx_word' id='word_1_95' title='bbox 752 1551 914 1611; x_wconf 68' lang='lat' dir='ltr'>Trachali5</span> <span class='ocrx_word' id='word_1_96' title='bbox 939 1551 1064 1626; x_wconf 85' lang='lat' dir='ltr'>ingenio</span> 
     </span>
     <span class='ocr_line' id='line_1_15' title="bbox 128 1649 1064 1724; baseline -0.004 -16"><span class='ocrx_word' id='word_1_97' title='bbox 128 1652 173 1708; x_wconf 93' lang='lat' dir='ltr'>uti</span> <span class='ocrx_word' id='word_1_98' title='bbox 209 1651 404 1720; x_wconf 90' lang='lat' dir='ltr'>credebatur;</span> <span class='ocrx_word' id='word_1_99' title='bbox 423 1652 454 1708; x_wconf 91' lang='lat' dir='ltr'>et</span> <span class='ocrx_word' id='word_1_100' title='bbox 488 1652 578 1708; x_wconf 90' lang='lat' dir='ltr'>erant</span> <span class='ocrx_word' id='word_1_101' title='bbox 610 1650 663 1724; x_wconf 88' lang='lat' dir='ltr'>qui</span> <span class='ocrx_word' id='word_1_102' title='bbox 697 1665 793 1724; x_wconf 84' lang='lat' dir='ltr'>genus</span> <span class='ocrx_word' id='word_1_103' title='bbox 822 1649 922 1723; x_wconf 91' lang='lat' dir='ltr'>ipsum</span> <span class='ocrx_word' id='word_1_104' title='bbox 955 1649 1064 1705; x_wconf 90' lang='lat' dir='ltr'>orandi</span> 
     </span>
     <span class='ocr_line' id='line_1_16' title="bbox 128 1745 1065 1820; baseline -0.003 -15"><span class='ocrx_word' id='word_1_105' title='bbox 128 1751 304 1816; x_wconf 90' lang='lat' dir='ltr'>noscerent,</span> <span class='ocrx_word' id='word_1_106' title='bbox 336 1748 442 1806; x_wconf 90' lang='lat' dir='ltr'>crebro</span> <span class='ocrx_word' id='word_1_107' title='bbox 467 1747 526 1805; x_wconf 88' lang='lat' dir='ltr'>fori</span> <span class='ocrx_word' id='word_1_108' title='bbox 552 1765 608 1804; x_wconf 92' lang='lat' dir='ltr'>usu</span> <span class='ocrx_word' id='word_1_109' title='bbox 634 1747 752 1804; x_wconf 87' lang='lat' dir='ltr'>celebre</span> <span class='ocrx_word' id='word_1_110' title='bbox 779 1750 809 1804; x_wconf 91' lang='lat' dir='ltr'>et</span> <span class='ocrx_word' id='word_1_111' title='bbox 834 1745 1065 1820; x_wconf 88' lang='lat' dir='ltr'>adimplendas</span> 
     </span>
     <span class='ocr_line' id='line_1_17' title="bbox 127 1844 1064 1922; baseline -0.003 -17"><span class='ocrx_word' id='word_1_112' title='bbox 127 1847 233 1922; x_wconf 92' lang='lat' dir='ltr'>populi</span> <span class='ocrx_word' id='word_1_113' title='bbox 252 1864 341 1905; x_wconf 87' lang='lat' dir='ltr'>aures</span> <span class='ocrx_word' id='word_1_114' title='bbox 361 1847 458 1905; x_wconf 90' lang='lat' dir='ltr'>latum</span> <span class='ocrx_word' id='word_1_115' title='bbox 478 1850 509 1907; x_wconf 92' lang='lat' dir='ltr'>et</span> <span class='ocrx_word' id='word_1_116' title='bbox 528 1864 650 1905; x_wconf 88' lang='lat' dir='ltr'>sonans.</span> <span class='ocrx_word' id='word_1_117' title='bbox 678 1847 799 1906; x_wconf 83' lang='lat' dir='ltr'>Clamor</span> <span class='ocrx_word' id='word_1_118' title='bbox 813 1864 963 1921; x_wconf 85' lang='lat' dir='ltr'>vocesque</span> <span class='ocrx_word' id='word_1_119' title='bbox 977 1844 1064 1918; x_wconf 77' lang='lat' dir='ltr'>vulgi</span> 
     </span>
     <span class='ocr_line' id='line_1_18' title="bbox 126 1944 1065 2011; baseline -0.002 -8"><span class='ocrx_word' id='word_1_120' title='bbox 126 1964 164 2004; x_wconf 82' lang='lat' dir='ltr'>ex</span> <span class='ocrx_word' id='word_1_121' title='bbox 183 1963 267 2003; x_wconf 90' lang='lat' dir='ltr'>more</span> <span class='ocrx_word' id='word_1_122' title='bbox 287 1945 431 2004; x_wconf 88' lang='lat' dir='ltr'>adulandi</span> <span class='ocrx_word' id='word_1_123' title='bbox 457 1946 559 2002; x_wconf 83' lang='lat' dir='ltr'>nimiae</span> <span class='ocrx_word' id='word_1_124' title='bbox 578 1947 615 2004; x_wconf 88' lang='lat' dir='ltr'>et</span> <span class='ocrx_word' id='word_1_125' title='bbox 639 1944 734 2003; x_wconf 87' lang='lat' dir='ltr'>falsae.</span> <span class='ocrx_word' id='word_1_126' title='bbox 763 1946 857 2011; x_wconf 83' lang='lat' dir='ltr'>Quasi</span> <span class='ocrx_word' id='word_1_127' title='bbox 883 1945 1065 2002; x_wconf 85' lang='lat' dir='ltr'>dictatorem</span> 
     </span>
     <span class='ocr_line' id='line_1_19' title="bbox 126 2043 1061 2117; baseline -0.002 -17"><span class='ocrx_word' id='word_1_128' title='bbox 126 2043 276 2100; x_wconf 85' lang='lat' dir='ltr'>Caesarem</span> <span class='ocrx_word' id='word_1_129' title='bbox 295 2044 349 2099; x_wconf 90' lang='lat' dir='ltr'>aut</span> <span class='ocrx_word' id='word_1_130' title='bbox 370 2043 585 2117; x_wconf 89' lang='lat' dir='ltr'>imperatorem</span> <span class='ocrx_word' id='word_1_131' title='bbox 599 2043 772 2116; x_wconf 81' lang='lat' dir='ltr'>Augustum</span> <span class='ocrx_word' id='word_1_132' title='bbox 793 2045 1061 2116; x_wconf 90' lang='lat' dir='ltr'>prosequerentur,</span> 
     </span>
     <span class='ocr_line' id='line_1_20' title="bbox 126 2140 1061 2214; baseline -0.001 -16"><span class='ocrx_word' id='word_1_133' title='bbox 126 2141 171 2198; x_wconf 90' lang='lat' dir='ltr'>ita</span> <span class='ocrx_word' id='word_1_134' title='bbox 190 2140 299 2198; x_wconf 89' lang='lat' dir='ltr'>studiis</span> <span class='ocrx_word' id='word_1_135' title='bbox 320 2141 461 2214; x_wconf 91' lang='lat' dir='ltr'>votisque</span> <span class='ocrx_word' id='word_1_136' title='bbox 486 2140 662 2208; x_wconf 85' lang='lat' dir='ltr'>certabant,</span> <span class='ocrx_word' id='word_1_137' title='bbox 687 2157 742 2197; x_wconf 88' lang='lat' dir='ltr'>nec</span> <span class='ocrx_word' id='word_1_138' title='bbox 762 2141 844 2197; x_wconf 91' lang='lat' dir='ltr'>metu</span> <span class='ocrx_word' id='word_1_139' title='bbox 866 2142 919 2197; x_wconf 93' lang='lat' dir='ltr'>aut</span> <span class='ocrx_word' id='word_1_140' title='bbox 941 2157 1061 2209; x_wconf 87' lang='lat' dir='ltr'>amore,</span> 
     </span>
     <span class='ocr_line' id='line_1_21' title="bbox 125 2237 1064 2313; baseline 0 -17"><span class='ocrx_word' id='word_1_141' title='bbox 125 2239 177 2296; x_wconf 88' lang='lat' dir='ltr'>sed</span> <span class='ocrx_word' id='word_1_142' title='bbox 192 2256 230 2295; x_wconf 81' lang='lat' dir='ltr'>ex</span> <span class='ocrx_word' id='word_1_143' title='bbox 244 2237 373 2296; x_wconf 91' lang='lat' dir='ltr'>libidine</span> <span class='ocrx_word' id='word_1_144' title='bbox 389 2239 528 2309; x_wconf 80' lang='lat' dir='ltr'>servitii,</span> <span class='ocrx_word' id='word_1_145' title='bbox 552 2240 586 2295; x_wconf 94' lang='lat' dir='ltr'>ut</span> <span class='ocrx_word' id='word_1_146' title='bbox 605 2239 637 2296; x_wconf 92' lang='lat' dir='ltr'>in</span> <span class='ocrx_word' id='word_1_147' title='bbox 656 2237 798 2304; x_wconf 83' lang='lat' dir='ltr'>familiis,</span> <span class='ocrx_word' id='word_1_148' title='bbox 815 2238 939 2312; x_wconf 86' lang='lat' dir='ltr'>privata</span> <span class='ocrx_word' id='word_1_149' title='bbox 954 2239 1064 2313; x_wconf 91' lang='lat' dir='ltr'>cuique</span> 
     </span>
     <span class='ocr_line' id='line_1_22' title="bbox 123 2319 1064 2413; baseline 0.001 -19"><span class='ocrx_word' id='word_1_150' title='bbox 123 2337 324 2405; x_wconf 76' lang='lat' dir='ltr'>stimulatio⁶‚</span> <span class='ocrx_word' id='word_1_151' title='bbox 342 2339 372 2394; x_wconf 91' lang='lat' dir='ltr'>et</span> <span class='ocrx_word' id='word_1_152' title='bbox 400 2330 463 2395; x_wconf 86' lang='lat' dir='ltr'>vile</span> <span class='ocrx_word' id='word_1_153' title='bbox 486 2336 553 2411; x_wconf 83' lang='lat' dir='ltr'>jam</span> <span class='ocrx_word' id='word_1_154' title='bbox 582 2319 673 2394; x_wconf 83' lang='lat' dir='ltr'>decus</span> <span class='ocrx_word' id='word_1_155' title='bbox 701 2336 867 2413; x_wconf 90' lang='lat' dir='ltr'>publicum.</span> <span class='ocrx_word' id='word_1_156' title='bbox 901 2336 1064 2395; x_wconf 85' lang='lat' dir='ltr'>Profectus</span> 
     </span>
     <span class='ocr_line' id='line_1_23' title="bbox 124 2433 1064 2510; baseline 0 -17"><span class='ocrx_word' id='word_1_157' title='bbox 124 2434 203 2493; x_wconf 91' lang='lat' dir='ltr'>Otho</span> <span class='ocrx_word' id='word_1_158' title='bbox 229 2433 362 2509; x_wconf 89' lang='lat' dir='ltr'>quietem</span> <span class='ocrx_word' id='word_1_159' title='bbox 385 2435 470 2493; x_wconf 92' lang='lat' dir='ltr'>urbis</span> <span class='ocrx_word' id='word_1_160' title='bbox 495 2451 646 2510; x_wconf 88' lang='lat' dir='ltr'>curasque</span> <span class='ocrx_word' id='word_1_161' title='bbox 667 2435 789 2509; x_wconf 90' lang='lat' dir='ltr'>imperii</span> <span class='ocrx_word' id='word_1_162' title='bbox 810 2433 915 2492; x_wconf 88' lang='lat' dir='ltr'>Salvio</span> <span class='ocrx_word' id='word_1_163' title='bbox 937 2435 1064 2494; x_wconf 87' lang='lat' dir='ltr'>Titiano</span> 
     </span>
     <span class='ocr_line' id='line_1_24' title="bbox 123 2532 385 2606; baseline 0 -17"><span class='ocrx_word' id='word_1_164' title='bbox 123 2533 214 2589; x_wconf 84' lang='lat' dir='ltr'>fratri</span> <span class='ocrx_word' id='word_1_165' title='bbox 235 2532 385 2606; x_wconf 88' lang='lat' dir='ltr'>permisit.</span> 
     </span>
    </p>
   </div>
   <div class='ocr_carea' id='block_1_3' title="bbox 124 2666 566 2781">
    <p class='ocr_par' dir='ltr' id='par_1_3' title="bbox 124 2666 566 2781">
     <span class='ocr_line' id='line_1_25' title="bbox 158 2666 566 2725; baseline 0 -11"><span class='ocrx_word' id='word_1_166' title='bbox 158 2674 214 2714; x_wconf 73' lang='lat'>0⁰.</span> <span class='ocrx_word' id='word_1_167' title='bbox 234 2673 254 2714; x_wconf 88' lang='lat'>1.</span> <span class='ocrx_word' id='word_1_168' title='bbox 272 2666 359 2715; x_wconf 81' lang='lat' dir='ltr'>Pridie</span> <span class='ocrx_word' id='word_1_169' title='bbox 376 2668 433 2714; x_wconf 79' lang='lat' dir='ltr'>idus</span> <span class='ocrx_word' id='word_1_170' title='bbox 447 2666 566 2725; x_wconf 74' lang='lat' dir='ltr'>liariter,</span> 
     </span>
     <span class='ocr_line' id='line_1_26' title="bbox 124 2731 480 2781; baseline -0.011 0"><span class='ocrx_word' id='word_1_171' title='bbox 124 2733 148 2781; x_wconf 91' lang='lat' dir='ltr'>le</span> <span class='ocrx_word' id='word_1_172' title='bbox 165 2740 190 2780; x_wconf 81' lang='lat'>14</span> <span class='ocrx_word' id='word_1_173' title='bbox 203 2748 275 2780; x_wconf 88' lang='lat' dir='ltr'>mars.</span> <span class='ocrx_word' id='word_1_174' title='bbox 289 2732 317 2780; x_wconf 89' lang='lat' dir='ltr'>V.</span> <span class='ocrx_word' id='word_1_175' title='bbox 331 2731 416 2780; x_wconf 86' lang='lat' dir='ltr'>Gantr.</span> <span class='ocrx_word' id='word_1_176' title='bbox 431 2738 480 2780; x_wconf 87' lang='grc'><strong>193.</strong></span> 
     </span>
    </p>
   </div>
   <div class='ocr_carea' id='block_1_4' title="bbox 617 2665 1064 2796">
    <p class='ocr_par' dir='ltr' id='par_1_4' title="bbox 617 2665 1064 2796">
     <span class='ocr_line' id='line_1_27' title="bbox 617 2665 1064 2731; baseline 0.004 -16"><span class='ocrx_word' id='word_1_177' title='bbox 617 2667 723 2725; x_wconf 81' lang='lat' dir='ltr'>sterile),</span> <span class='ocrx_word' id='word_1_178' title='bbox 742 2683 786 2731; x_wconf 89' lang='lat' dir='ltr'>par</span> <span class='ocrx_word' id='word_1_179' title='bbox 797 2665 861 2715; x_wconf 82' lang='lat' dir='ltr'>suite</span> <span class='ocrx_word' id='word_1_180' title='bbox 876 2666 908 2715; x_wconf 88' lang='lat' dir='ltr'>de</span> <span class='ocrx_word' id='word_1_181' title='bbox 927 2667 950 2715; x_wconf 91' lang='lat' dir='ltr'>la</span> <span class='ocrx_word' id='word_1_182' title='bbox 963 2668 1064 2717; x_wconf 79' lang='lat' dir='ltr'>cc&#39;lerite</span> 
     </span>
     <span class='ocr_line' id='line_1_28' title="bbox 619 2730 1064 2796; baseline 0.002 -16"><span class='ocrx_word' id='word_1_183' title='bbox 619 2748 667 2796; x_wconf 88' lang='lat' dir='ltr'>que</span> <span class='ocrx_word' id='word_1_184' title='bbox 685 2734 721 2781; x_wconf 88' lang='lat' dir='ltr'>les</span> <span class='ocrx_word' id='word_1_185' title='bbox 739 2730 917 2782; x_wconf 86' lang='lat' dir='ltr'>commissaires</span> <span class='ocrx_word' id='word_1_186' title='bbox 937 2732 968 2780; x_wconf 91' lang='lat' dir='ltr'>de</span> <span class='ocrx_word' id='word_1_187' title='bbox 985 2733 1064 2783; x_wconf 85' lang='lat' dir='ltr'>Galba</span> 
     </span>
    </p>
   </div>
   <div class='ocr_carea' id='block_1_5' title="bbox 109 2797 568 3584">
    <p class='ocr_par' dir='ltr' id='par_1_5' title="bbox 109 2797 568 3584">
     <span class='ocr_line' id='line_1_29' title="bbox 158 2797 567 2854; baseline -0.007 -8"><span class='ocrx_word' id='word_1_188' title='bbox 158 2805 179 2846; x_wconf 77' lang='lat'>2.</span> <span class='ocrx_word' id='word_1_189' title='bbox 198 2797 567 2854; x_wconf 82' lang='lat' dir='ltr'>Neroniarum-acctionum,</span> 
     </span>
     <span class='ocr_line' id='line_1_30' title="bbox 124 2859 568 2911; baseline -0.002 0"><span class='ocrx_word' id='word_1_190' title='bbox 124 2863 168 2911; x_wconf 90' lang='lat' dir='ltr'>des</span> <span class='ocrx_word' id='word_1_191' title='bbox 187 2871 271 2910; x_wconf 86' lang='lat' dir='ltr'>ventes</span> <span class='ocrx_word' id='word_1_192' title='bbox 292 2865 306 2910; x_wconf 75' lang='lat' dir='ltr'>t</span> <span class='ocrx_word' id='word_1_193' title='bbox 324 2862 417 2910; x_wconf 82' lang='lat' dir='ltr'>l&#39;encan</span> <span class='ocrx_word' id='word_1_194' title='bbox 436 2859 480 2909; x_wconf 87' lang='lat' dir='ltr'>des</span> <span class='ocrx_word' id='word_1_195' title='bbox 497 2860 568 2910; x_wconf 87' lang='lat' dir='ltr'>biens</span> 
     </span>
     <span class='ocr_line' id='line_1_31' title="bbox 124 2925 568 3001; baseline -0.007 -24"><span class='ocrx_word' id='word_1_196' title='bbox 124 2926 265 3001; x_wconf 80' lang='lat' dir='ltr'>contisque&#39;s</span> <span class='ocrx_word' id='word_1_197' title='bbox 278 2942 323 2991; x_wconf 85' lang='lat' dir='ltr'>par</span> <span class='ocrx_word' id='word_1_198' title='bbox 334 2928 429 2984; x_wconf 80' lang='lat' dir='ltr'>Neron,</span> <span class='ocrx_word' id='word_1_199' title='bbox 442 2935 467 2975; x_wconf 86' lang='lat' dir='ltr'>ct</span> <span class='ocrx_word' id='word_1_200' title='bbox 478 2925 539 2975; x_wconf 85' lang='lat' dir='ltr'>dont</span> <span class='ocrx_word' id='word_1_201' title='bbox 550 2926 568 2974; x_wconf 92' lang='lat' dir='ltr'>il</span> 
     </span>
     <span class='ocr_line' id='line_1_32' title="bbox 124 2990 568 3065; baseline 0 -25"><span class='ocrx_word' id='word_1_202' title='bbox 124 2992 187 3040; x_wconf 81' lang='lat' dir='ltr'>avait</span> <span class='ocrx_word' id='word_1_203' title='bbox 196 2991 317 3041; x_wconf 78' lang='lat' dir='ltr'>distrihue</span> <span class='ocrx_word' id='word_1_204' title='bbox 329 2993 352 3040; x_wconf 90' lang='lat' dir='ltr'>le</span> <span class='ocrx_word' id='word_1_205' title='bbox 365 2990 420 3065; x_wconf 82' lang='lat' dir='ltr'>prix</span> <span class='ocrx_word' id='word_1_206' title='bbox 432 2994 445 3039; x_wconf 75' lang='lat' dir='ltr'>d</span> <span class='ocrx_word' id='word_1_207' title='bbox 455 3007 493 3040; x_wconf 89' lang='lat' dir='ltr'>ses</span> <span class='ocrx_word' id='word_1_208' title='bbox 503 2995 568 3041; x_wconf 79' lang='lat' dir='ltr'>crea-</span> 
     </span>
     <span class='ocr_line' id='line_1_33' title="bbox 124 3056 567 3106; baseline 0 -1"><span class='ocrx_word' id='word_1_209' title='bbox 124 3067 200 3106; x_wconf 88' lang='lat' dir='ltr'>tures.</span> <span class='ocrx_word' id='word_1_210' title='bbox 228 3056 306 3106; x_wconf 83' lang='lat' dir='ltr'>Galba</span> <span class='ocrx_word' id='word_1_211' title='bbox 322 3066 385 3106; x_wconf 80' lang='lat' dir='ltr'>avari</span> <span class='ocrx_word' id='word_1_212' title='bbox 401 3056 502 3105; x_wconf 79' lang='lat' dir='ltr'>institue</span> <span class='ocrx_word' id='word_1_213' title='bbox 519 3073 567 3106; x_wconf 92' lang='lat' dir='ltr'>une</span> 
     </span>
     <span class='ocr_line' id='line_1_34' title="bbox 123 3121 568 3186; baseline -0.009 -13"><span class='ocrx_word' id='word_1_214' title='bbox 123 3121 280 3173; x_wconf 88' lang='lat' dir='ltr'>commissiou</span> <span class='ocrx_word' id='word_1_215' title='bbox 304 3138 367 3186; x_wconf 89' lang='lat' dir='ltr'>pour</span> <span class='ocrx_word' id='word_1_216' title='bbox 389 3121 450 3170; x_wconf 81' lang='lat' dir='ltr'>faire</span> <span class='ocrx_word' id='word_1_217' title='bbox 472 3131 568 3170; x_wconf 77' lang='lat' dir='ltr'>renti-er</span> 
     </span>
     <span class='ocr_line' id='line_1_35' title="bbox 123 3185 564 3251; baseline -0.007 -14"><span class='ocrx_word' id='word_1_218' title='bbox 123 3204 153 3237; x_wconf 85' lang='lat' dir='ltr'>au</span> <span class='ocrx_word' id='word_1_219' title='bbox 167 3188 209 3236; x_wconf 85' lang='lat' dir='ltr'>tisc</span> <span class='ocrx_word' id='word_1_220' title='bbox 222 3187 257 3235; x_wconf 90' lang='lat' dir='ltr'>les</span> <span class='ocrx_word' id='word_1_221' title='bbox 269 3186 331 3236; x_wconf 74' lang='lat' dir='ltr'>dous¹</span> <span class='ocrx_word' id='word_1_222' title='bbox 344 3185 400 3235; x_wconf 82' lang='lat' dir='ltr'>faits</span> <span class='ocrx_word' id='word_1_223' title='bbox 414 3189 564 3251; x_wconf 83' lang='lat' dir='ltr'>pa1·Neron;</span> 
     </span>
     <span class='ocr_line' id='line_1_36' title="bbox 121 3251 567 3317; baseline -0.007 -15"><span class='ocrx_word' id='word_1_224' title='bbox 121 3270 150 3302; x_wconf 89' lang='lat' dir='ltr'>ce</span> <span class='ocrx_word' id='word_1_225' title='bbox 163 3252 205 3317; x_wconf 90' lang='lat' dir='ltr'>qui</span> <span class='ocrx_word' id='word_1_226' title='bbox 217 3251 317 3315; x_wconf 88' lang='lat' dir='ltr'>pouvait</span> <span class='ocrx_word' id='word_1_227' title='bbox 333 3268 421 3301; x_wconf 86' lang='lat' dir='ltr'>encore</span> <span class='ocrx_word' id='word_1_228' title='bbox 440 3268 470 3300; x_wconf 89' lang='lat' dir='ltr'>en</span> <span class='ocrx_word' id='word_1_229' title='bbox 489 3261 567 3300; x_wconf 79' lang='lat' dir='ltr'>rester-</span> 
     </span>
     <span class='ocr_line' id='line_1_37' title="bbox 121 3316 565 3368; baseline -0.005 0"><span class='ocrx_word' id='word_1_230' title='bbox 121 3328 191 3368; x_wconf 84' lang='lat' dir='ltr'>entre</span> <span class='ocrx_word' id='word_1_231' title='bbox 209 3318 245 3365; x_wconf 92' lang='lat' dir='ltr'>lcs</span> <span class='ocrx_word' id='word_1_232' title='bbox 265 3317 343 3365; x_wconf 89' lang='lat' dir='ltr'>mains</span> <span class='ocrx_word' id='word_1_233' title='bbox 363 3317 407 3365; x_wconf 92' lang='lat' dir='ltr'>des</span> <span class='ocrx_word' id='word_1_234' title='bbox 426 3316 565 3366; x_wconf 86' lang='lat' dir='ltr'>donataires</span> 
     </span>
     <span class='ocr_line' id='line_1_38' title="bbox 121 3381 566 3446; baseline 0 -15"><span class='ocrx_word' id='word_1_235' title='bbox 121 3383 159 3431; x_wconf 84' lang='lat' dir='ltr'>lut</span> <span class='ocrx_word' id='word_1_236' title='bbox 175 3382 255 3430; x_wconf 86' lang='lat' dir='ltr'>rendu</span> <span class='ocrx_word' id='word_1_237' title='bbox 276 3397 321 3445; x_wconf 89' lang='lat' dir='ltr'>par</span> <span class='ocrx_word' id='word_1_238' title='bbox 332 3381 413 3432; x_wconf 86' lang='lat' dir='ltr'>Othon</span> <span class='ocrx_word' id='word_1_239' title='bbox 431 3384 479 3429; x_wconf 83' lang='lat' dir='ltr'>aux</span> <span class='ocrx_word' id='word_1_240' title='bbox 497 3399 566 3446; x_wconf 85' lang='lat' dir='ltr'>pros-</span> 
     </span>
     <span class='ocr_line' id='line_1_39' title="bbox 122 3445 565 3503; baseline -0.002 -6"><span class='ocrx_word' id='word_1_241' title='bbox 122 3447 181 3497; x_wconf 84' lang='lat' dir='ltr'>crits</span> <span class='ocrx_word' id='word_1_242' title='bbox 209 3463 312 3495; x_wconf 85' lang='lat' dir='ltr'>revenus</span> <span class='ocrx_word' id='word_1_243' title='bbox 337 3447 368 3496; x_wconf 93' lang='lat' dir='ltr'>de</span> <span class='ocrx_word' id='word_1_244' title='bbox 394 3445 473 3503; x_wconf 83' lang='lat' dir='ltr'>l&#39;exil‚</span> <span class='ocrx_word' id='word_1_245' title='bbox 505 3447 565 3497; x_wconf 88' lang='lat' dir='ltr'>mais</span> 
     </span>
     <span class='ocr_line' id='line_1_40' title="bbox 109 3511 567 3584; baseline 0.007 -23"><span class='ocrx_word' id='word_1_246' title='bbox 109 3512 328 3564; x_wconf 77' lang='lat' dir='ltr'>certarestitution</span> <span class='ocrx_word' id='word_1_247' title='bbox 338 3521 405 3565; x_wconf 85' lang='lat' dir='ltr'>resia</span> <span class='ocrx_word' id='word_1_248' title='bbox 412 3511 498 3565; x_wconf 74' lang='lat' dir='ltr'>stirile</span> <span class='ocrx_word' id='word_1_249' title='bbox 509 3514 567 3584; x_wconf 70' lang='lat' dir='ltr'>(usu</span> 
     </span>
    </p>
   </div>
   <div class='ocr_carea' id='block_1_6' title="bbox 617 2797 1063 2913">
    <p class='ocr_par' dir='ltr' id='par_1_6' title="bbox 617 2797 1063 2913">
     <span class='ocr_line' id='line_1_41' title="bbox 618 2797 1063 2847; baseline 0.004 -2"><span class='ocrx_word' id='word_1_250' title='bbox 618 2797 714 2845; x_wconf 82' lang='lat' dir='ltr'>avaient</span> <span class='ocrx_word' id='word_1_251' title='bbox 731 2797 791 2846; x_wconf 89' lang='lat' dir='ltr'>mise</span> <span class='ocrx_word' id='word_1_252' title='bbox 809 2797 897 2846; x_wconf 74' lang='lat' dir='ltr'>isaiae</span> <span class='ocrx_word' id='word_1_253' title='bbox 915 2808 1011 2847; x_wconf 75' lang='lat' dir='ltr'>ieamer</span> <span class='ocrx_word' id='word_1_254' title='bbox 1032 2815 1063 2847; x_wconf 89' lang='lat' dir='ltr'>au</span> 
     </span>
     <span class='ocr_line' id='line_1_42' title="bbox 617 2862 1004 2913; baseline 0.003 -2"><span class='ocrx_word' id='word_1_255' title='bbox 617 2863 661 2913; x_wconf 88' lang='lat' dir='ltr'>fisc</span> <span class='ocrx_word' id='word_1_256' title='bbox 678 2865 714 2912; x_wconf 89' lang='lat' dir='ltr'>les</span> <span class='ocrx_word' id='word_1_257' title='bbox 728 2862 861 2912; x_wconf 84' lang='lat' dir='ltr'>lihe&#39;ralito&#39;s</span> <span class='ocrx_word' id='word_1_258' title='bbox 871 2863 902 2912; x_wconf 91' lang='lat' dir='ltr'>de</span> <span class='ocrx_word' id='word_1_259' title='bbox 914 2865 1004 2912; x_wconf 84' lang='lat' dir='ltr'>Ne&#39;ron.</span> 
     </span>
    </p>
   </div>
   <div class='ocr_carea' id='block_1_7' title="bbox 648 2944 982 3090">
    <p class='ocr_par' dir='ltr' id='par_1_7' title="bbox 648 2944 982 3090">
     <span class='ocr_line' id='line_1_43' title="bbox 649 2944 982 3002; baseline -0.003 -8"><span class='ocrx_word' id='word_1_260' title='bbox 649 2953 671 2994; x_wconf 88' lang='grc'>3.</span> <span class='ocrx_word' id='word_1_261' title='bbox 691 2945 743 2992; x_wconf 83' lang='lat' dir='ltr'>Pro</span> <span class='ocrx_word' id='word_1_262' title='bbox 754 2960 792 3002; x_wconf 78' lang='lat' dir='ltr'>ae,</span> <span class='ocrx_word' id='word_1_263' title='bbox 806 2960 837 2993; x_wconf 92' lang='lat' dir='ltr'>en</span> <span class='ocrx_word' id='word_1_264' title='bbox 850 2960 876 2993; x_wconf 89' lang='lat' dir='ltr'>sa</span> <span class='ocrx_word' id='word_1_265' title='bbox 889 2944 982 2994; x_wconf 80' lang='lat' dir='ltr'>lavaur.</span> 
     </span>
     <span class='ocr_line' id='line_1_44' title="bbox 648 3027 977 3090; baseline 0.003 -16"><span class='ocrx_word' id='word_1_266' title='bbox 648 3035 671 3076; x_wconf 81' lang='lat'>4.</span> <span class='ocrx_word' id='word_1_267' title='bbox 690 3027 797 3088; x_wconf 80' lang='lat' dir='ltr'>Quando</span> <span class='ocrx_word' id='word_1_268' title='bbox 809 3030 977 3090; x_wconf 73' lang='lat' dir='ltr'>:piconiaca</span> 
     </span>
    </p>
   </div>
   <div class='ocr_carea' id='block_1_8' title="bbox 616 3107 1063 3222">
    <p class='ocr_par' dir='ltr' id='par_1_8' title="bbox 616 3107 1063 3222">
     <span class='ocr_line' id='line_1_45' title="bbox 649 3107 1063 3159; baseline 0.007 -3"><span class='ocrx_word' id='word_1_269' title='bbox 649 3114 671 3156; x_wconf 85' lang='lat'>5.</span> <span class='ocrx_word' id='word_1_270' title='bbox 695 3107 808 3156; x_wconf 86' lang='lat' dir='ltr'>Gulc&#39;rius</span> <span class='ocrx_word' id='word_1_271' title='bbox 836 3108 970 3158; x_wconf 87' lang='lat' dir='ltr'>Trachalus</span> <span class='ocrx_word' id='word_1_272' title='bbox 999 3109 1063 3159; x_wconf 76' lang='lat' dir='ltr'>aruit</span> 
     </span>
     <span class='ocr_line' id='line_1_46' title="bbox 616 3174 845 3222; baseline 0.009 -2"><span class='ocrx_word' id='word_1_273' title='bbox 616 3174 655 3220; x_wconf 82' lang='lat' dir='ltr'>ete</span> <span class='ocrx_word' id='word_1_274' title='bbox 667 3174 753 3222; x_wconf 90' lang='lat' dir='ltr'>consul</span> <span class='ocrx_word' id='word_1_275' title='bbox 766 3188 797 3222; x_wconf 89' lang='lat' dir='ltr'>en</span> <span class='ocrx_word' id='word_1_276' title='bbox 809 3180 845 3222; x_wconf 87' lang='lat'>68.</span> 
     </span>
    </p>
   </div>
   <div class='ocr_carea' id='block_1_9' title="bbox 615 3253 1061 3583">
    <p class='ocr_par' dir='ltr' id='par_1_9' title="bbox 615 3253 1061 3583">
     <span class='ocr_line' id='line_1_47' title="bbox 648 3253 1058 3314; baseline 0.017 -14"><span class='ocrx_word' id='word_1_277' title='bbox 648 3259 671 3300; x_wconf 89' lang='lat'>6.</span> <span class='ocrx_word' id='word_1_278' title='bbox 690 3253 730 3301; x_wconf 77' lang='lat' dir='ltr'>Ea</span> <span class='ocrx_word' id='word_1_279' title='bbox 741 3253 844 3302; x_wconf 82' lang='lat' dir='ltr'>libidine</span> <span class='ocrx_word' id='word_1_280' title='bbox 855 3282 888 3290; x_wconf 94' lang='lat'><em>-</em></span> <span class='ocrx_word' id='word_1_281' title='bbox 904 3256 1058 3314; x_wconf 79' lang='lat' dir='ltr'>stimulatio,</span> 
     </span>
     <span class='ocr_line' id='line_1_48' title="bbox 616 3321 1061 3384; baseline 0.013 -19"><span class='ocrx_word' id='word_1_282' title='bbox 616 3334 660 3382; x_wconf 85' lang='lat' dir='ltr'>par</span> <span class='ocrx_word' id='word_1_283' title='bbox 672 3321 853 3367; x_wconf 86' lang='lat' dir='ltr'>entrainement</span> <span class='ocrx_word' id='word_1_284' title='bbox 874 3336 937 3384; x_wconf 85' lang='lat' dir='ltr'>pour</span> <span class='ocrx_word' id='word_1_285' title='bbox 953 3321 977 3370; x_wconf 89' lang='lat' dir='ltr'>la</span> <span class='ocrx_word' id='word_1_286' title='bbox 989 3323 1061 3371; x_wconf 74' lang='lat' dir='ltr'>servi-</span> 
     </span>
     <span class='ocr_line' id='line_1_49' title="bbox 616 3383 1061 3452; baseline 0.013 -21"><span class='ocrx_word' id='word_1_287' title='bbox 616 3383 688 3439; x_wconf 81' lang='lat' dir='ltr'>tude,</span> <span class='ocrx_word' id='word_1_288' title='bbox 707 3399 800 3432; x_wconf 86' lang='lat' dir='ltr'>comme</span> <span class='ocrx_word' id='word_1_289' title='bbox 820 3383 881 3432; x_wconf 92' lang='lat' dir='ltr'>daus</span> <span class='ocrx_word' id='word_1_290' title='bbox 896 3385 940 3434; x_wconf 89' lang='lat' dir='ltr'>des</span> <span class='ocrx_word' id='word_1_291' title='bbox 961 3395 1061 3452; x_wconf 82' lang='lat' dir='ltr'>troupcs</span> 
     </span>
     <span class='ocr_line' id='line_1_50' title="bbox 615 3447 1061 3506; baseline 0.016 -10"><span class='ocrx_word' id='word_1_292' title='bbox 615 3447 760 3506; x_wconf 84' lang='lat' dir='ltr'>d&#39;esclavcs,</span> <span class='ocrx_word' id='word_1_293' title='bbox 783 3449 878 3498; x_wconf 89' lang='lat' dir='ltr'>chacun</span> <span class='ocrx_word' id='word_1_294' title='bbox 891 3450 950 3498; x_wconf 80' lang='lat' dir='ltr'>etait</span> <span class='ocrx_word' id='word_1_295' title='bbox 962 3451 1061 3503; x_wconf 70' lang='lat' dir='ltr'>stimula</span> 
     </span>
     <span class='ocr_line' id='line_1_51' title="bbox 615 3524 960 3583; baseline 0.009 -20"><span class='ocrx_word' id='word_1_296' title='bbox 615 3529 678 3583; x_wconf 82' lang='lat' dir='ltr'>pour</span> <span class='ocrx_word' id='word_1_297' title='bbox 690 3530 735 3564; x_wconf 85' lang='lat' dir='ltr'>sou</span> <span class='ocrx_word' id='word_1_298' title='bbox 752 3529 842 3580; x_wconf 84' lang='lat' dir='ltr'>propre</span> <span class='ocrx_word' id='word_1_299' title='bbox 853 3524 960 3583; x_wconf 82' lang='lat' dir='ltr'>compte.</span> 
     </span>
    </p>
   </div>
   <div class='ocr_carea' id='block_1_10' title="bbox 0 0 1178 3922">
    <p class='ocr_par' dir='ltr' id='par_1_10' title="bbox 0 0 1178 3922">
     <span class='ocr_line' id='line_1_52' title="bbox 0 0 1178 3922; baseline 0 2"><span class='ocrx_word' id='word_1_300' title='bbox 0 0 1178 3922; x_wconf 95' lang='lat' dir='ltr'> </span> 
     </span>
    </p>
   </div>
  </div>
 </body>
</html>
