2346 3922
380 228 470 270 arnan
490 229 533 270 iv.
562 227 627 270 car.
652 212 783 272 59-62.
997 214 1057 274 319

118 378 232 420 manos.
251 379 337 420 arma
356 379 523 438 propexum
545 361 784 438 rutilatumque2
799 362 914 420 crinem
935 365 1058 439 patrata

118 461 240 518 demum
255 461 334 518 caede
348 461 503 536 legionum
518 460 675 535 deposuit,
693 463 724 520 et
738 460 914 520 ferebatur³
929 461 1057 536 parvulo

116 558 181 618 fflio
197 559 342 634 quosdam
357 560 548 635 captivorum
564 560 687 634 sagittis
701 557 873 634 jaculisque
888 558 1057 635 puerilibus

117 655 254 731 figendos
269 656 427 714 obtulisse.
449 657 590 715 Ceterum
606 673 703 730 neque
719 674 750 715 se
766 674 863 732 neque
878 674 1058 731 quemquam

117 753 273 813 Batavum
294 755 325 812 in
347 755 442 814 verba
462 754 633 813 Galliarum
659 755 778 830 adegit,
806 755 879 812 fisus
894 757 1057 813 Germano·

117 870 186 928 rum
222 853 330 928 opibus
359 856 406 924 et,
442 855 468 912 si
498 853 676 911 certandum
711 854 858 912 adversus
887 853 990 912 Gallos
1021 854 1058 910 de

116 951 307 1024 possessione
335 934 456 1008 rerum⁴
485 949 580 1018 foret,
616 950 743 1009 inclitus
772 949 854 1008 fama
884 953 915 1008 et
943 951 1054 1025 potior.

117 1049 243 1108 Munius
263 1049 418 1124 Lupercus
443 1049 563 1125 legatus
584 1049 716 1123 legionis
739 1049 821 1106 inter
847 1049 925 1107 dona
946 1050 1057 1107 missus

116 1148 268 1208 Veledae⁵.
283 1151 340 1207 ,Ea
364 1150 453 1223 virgo
475 1149 609 1207 nationis
635 1149 811 1208 Bructerae⁶
833 1149 915 1207 late⁷
935 1149 1057 1224 imperi·

119 1247 222 1316 tabat,
240 1249 344 1306 vetere
370 1248 450 1322 apud
476 1249 644 1306 Germanos
669 1264 767 1315 more,
796 1264 854 1322 quo
880 1246 1058 1322 plerasque⁸

116 1344 302 1403 feminarum
323 1344 464 1404 fatidicas
486 1347 517 1403 et
535 1348 718 1420 augescente
739 1345 958 1421 superstitione
978 1346 1057 1402 arbi·

116 1446 244 1502 trantur
271 1444 353 1503 deas.
385 1446 530 1519 Tuncque
555 1445 677 1503 Veledae
706 1445 874 1502 auotoritas
902 1442 1054 1503 adolevit;

117 1558 189 1600 nam
214 1559 375 1617 prosperas
402 1544 563 1604 Germanis
590 1561 639 1601 res
665 1547 696 1602 et
724 1545 879 1602 excidium
903 1543 1083 1620 legionum·
1165 1556 1167 1560 ⁴

114 1641 315 1716 praedixerat.
333 1641 392 1701 Sed
407 1643 563 1718 Lupercus
579 1644 610 1699 in
626 1643 738 1701 itinere
754 1642 944 1701 interfectus.
962 1642 1059 1700 Pauci

115 1739 332 1798 centurionum
346 1741 600 1816 tribunorumque
623 1741 654 1799 in
671 1741 773 1800 Gallia
788 1743 885 1816 geniti
900 1758 1058 1799 reservan-

115 1839 170 1894 tur
198 1837 310 1911 pignus
338 1839 489 1899 societati.
525 1839 717 1906 cohortium,
742 1839 875 1906 alarum,
903 1839 1059 1913 legionum

115 1931 248 1991 hiberna
262 1934 410 1992 subversa
425 1937 635 2009 cremataque,
660 1935 699 1992 iis
719 1937 839 1992 tantum
859 1934 977 1993 relictis
991 1953 1058 2010 quae

66 2098 78 2114 ι
114 2032 306 2105 Mogontiaci
327 2050 363 2090 ao
378 2033 591 2093 Vindonissae⁹
607 2035 670 2091 sita
685 2036 767 2092 sunt.

162 2141 213 2200 62.
230 2140 326 2216 Legio
342 2143 429 2199 sexta
445 2142 561 2200 decima
577 2142 786 2199 oum-auxiliis
802 2141 892 2199 simul
914 2142 1025 2200 deditis
1040 2162 1058 2201 a

119 2239 264 2297 Novaesio
280 2240 312 2297 in
328 2239 496 2298 coloniaml
512 2243 715 2299 Treverorum
731 2241 905 2316 transgredi
916 2240 1054 2316 jubetur,

115 2337 271 2412 praefinita
296 2339 345 2396 die
367 2339 451 2397 intra
472 2357 562 2413 quam
588 2339 697 2398 castris
722 2339 892 2397 excederet.
922 2339 1057 2398 Medium

117 2453 207 2493 omne
235 2438 356 2511 tempus
378 2454 432 2512 per
456 2439 560 2495 varias
590 2455 678 2495 ouras
704 2455 810 2512 egere,
839 2438 1057 2512 ignavissimus

118 2533 247 2608 quisque
262 2549 408 2592 caesorum
428 2535 508 2610 apud
522 2535 637 2594 Vetera
652 2535 790 2610 exemplo
812 2537 972 2609 paventes,
996 2552 1056 2592 me-

150 2679 172 2720 2.
186 2672 563 2733 stratilatum,cheveluretcinte
646 2682 667 2723 8.
687 2676 822 2738 Plerosque
832 2677 973 2725 :mulina
1061 2676 1063 2680 '

118 2753 149 2786 en
163 2753 252 2802 rouge,
266 2747 291 2786 et
300 2755 348 2788 non
361 2755 405 2804 pas
417 2749 510 2789 rousse.
522 2741 560 2790 Cf.
644 2746 665 2788 9.
688 2741 847 2800 Vindonissa,
861 2740 1056 2804 auj.Windisch,

115 2805 201 2852 rotila
212 2819 294 2862 coma,
305 2806 386 2854 Germ.
394 2814 417 2863 4,
428 2806 485 2872 Agr.
501 2815 536 2855 11.
611 2822 654 2854 sur
666 2804 739 2865 l'ilar,
753 2822 784 2854 en
796 2806 901 2872 Argorie
912 2807 1024 2870 (Suisse).

150 2877 172 2918 3.
184 2869 396 2932 Etferebatur,on
406 2871 560 2921 disaitaussi.
644 2879 700 2919 Μ.
715 2880 734 2920 1.
742 2872 877 2921 Coloniam.
885 2872 954 2921 Getta
961 2870 1058 2921 colonie

149 2943 172 2983 4.
191 2934 477 3001 Rerum,del'empire.
612 2936 735 2994 romine,
763 2937 806 3001 qui
835 2936 964 3001 s'appelait
992 2935 1058 2985 aussi

149 3008 172 3049 5.
195 3000 294 3058 Valerio,
315 3002 489 3066 prophetesse,
503 3002 561 3066 qui,
611 3002 724 3064 Augusto
745 3003 909 3051 Treverorum
927 3001 986 3066 (cuj.
1001 3003 1058 3051 Tre-

116 3067 173 3129 plus
184 3066 254 3123 tard‚
277 3065 314 3115 lut
332 3067 450 3117 eonduite
468 3068 562 3133 prison·
612 3068 674 3130 ves),
690 3066 728 3115 lut
742 3066 830 3116 londee
843 3083 899 3116 sous
912 3067 1006 3116 Claude
1025 3084 1057 3116 ou

116 3130 184 3180 niere
200 3131 303 3181 dRome
320 3136 391 3197 apres
405 3150 437 3182 nn
450 3135 561 3183 souleve-
611 3148 642 3180 an
660 3142 870 3181 commenoement
885 3132 919 3181 dn
936 3137 1010 3198 regne
1026 3133 1058 3182 de

115 3206 184 3245 ment
196 3195 239 3246 des
249 3197 387 3248 Bructerae.
402 3200 430 3248 V.
440 3200 521 3250 Germ.
533 3207 560 3260 8,
611 3199 701 3247 Ne'ron.
716 3199 770 3247 Elle
782 3197 864 3246 devint
877 3198 900 3246 la
909 3197 1014 3262 capitale
1026 3199 1057 3246 de

115 3271 175 3312 note
187 3269 210 3310 4.
611 3263 635 3311 la
647 3263 762 3328 province
774 3264 870 3326 Belpicu
880 3266 981 3326 primo,
997 3273 1021 3311 et
1034 3264 1057 3311 la

149 3335 172 3376 6.
192 3329 327 3378 Bructero.
341 3330 369 3378 V.
381 3330 420 3379 oh.
432 3339 468 3389 21,
483 3348 507 3380 n.
521 3339 543 3380 4.
612 3328 739 3378 residence
760 3329 803 3377 des
815 3344 956 3394 cmpereurs
974 3337 998 3376 et
1014 3328 1058 3377 des

94 3405 97 3409 “
149 3399 171 3440 7.
192 3394 250 3442 lota
265 3396 439 3456 imperitabat,
455 3397 563 3455 exercait
627 3396 735 3442 enerauu
747 3393 854 3442 romains
873 3393 915 3459 qui
936 3409 1058 3444 comman-

115 3474 166 3509 une
178 3458 284 3509 antorite
297 3460 413 3512 e'tendne.
611 3411 696 3508 finient
707 3475 749 3508 sur
761 3460 783 3508 le
796 3459 869 3510 Rhin.
