2346 3922
304 192 307 196 ’
387 211 479 256 crena
500 194 543 254 rr.
568 211 634 254 cur.
654 192 788 254 71-72.
1000 188 1058 251 331

120 339 295 399 Germaniae
321 341 474 416 integram
497 341 597 399 sedem
617 340 724 416 spoliis
746 340 936 398 exercituum
957 339 988 397 et
1007 338 1059 396 du-

119 441 206 496 cum⁵
222 440 355 497 caedibus
370 443 522 498 ovantem.
536 441 743 515 Redigeretur
753 440 856 514 praeda
873 439 904 496 in
915 439 1056 506 fiscum⁶;

120 539 195 614 ipsis
211 539 346 596 sufficere
361 539 448 614 ignes
470 541 501 597 et
516 539 639 596 rebellis
658 539 788 596 coloniae
807 539 926 606 ruinas,
952 538 1061 612 quibus

117 640 165 695 tot
203 640 374 696 castrorum
406 638 527 696 excidia
562 639 776 712 pensarentur.
808 635 938 695 Cerialis
977 637 1059 693 metu
1145 646 1148 651 '

120 736 255 793 infamiae
280 737 314 819 si*
331 735 458 794 licentia
480 736 660 811 saevitiaque
687 735 823 792 imbuere
845 735 976 792 militem
997 752 1059 793 cre-

114 833 256 903 deretur,
284 836 396 910 pressit
416 835 495 903 iras;
514 836 544 891 et
566 850 712 907 paruere,
735 833 835 908 posito
851 833 966 890 civium
980 831 1068 889 bello·

118 933 156 990 ad
188 934 336 991 externa⁷
366 933 577 991 modestiores.
619 931 799 990 Convertit⁸
835 930 906 988 inde
938 931 1058 989 animos

118 1032 286 1090 accitarum
312 1049 328 1090 e
349 1031 590 1089 Mediomatricis
618 1030 773 1105 legionum
794 1029 980 1087 miserabilis
1006 1028 1056 1086 ad·

118 1132 249 1205 spectus.
274 1130 422 1189 Stabant⁹
441 1129 628 1187 conscientia
646 1128 759 1202 fiagitii
774 1130 903 1197 maestae,
930 1127 1002 1184 fixis
1025 1128 1056 1184 in

118 1229 232 1285 terram
260 1227 371 1296 oeulis;
391 1225 476 1284 nulla
497 1227 579 1284 inter
594 1226 737 1283 coeuntes
752 1225 906 1282 exercitus
920 1223 1056 1281 consalu-

118 1324 211 1393 tatio,
243 1340 339 1397 neque
371 1323 542 1381 solantibus
575 1322 809 1380 hortantibusve
835 1337 981 1395 responsa
1006 1320 1056 1377 da-

117 1421 206 1490 bant,
224 1421 322 1478 abditi
337 1437 393 1495 per
406 1422 542 1478 tentoria
557 1423 588 1478 et
605 1421 704 1478 lucem
719 1421 816 1494 ipsam
828 1420 973 1477 vitantes.
991 1419 1057 1477 Nec

117 1519 244 1594 perinde
265 1520 433 1594 periculum
459 1523 513 1577 aut
529 1522 627 1577 metus
643 1536 734 1594 quam
755 1519 853 1594 pudor
873 1537 908 1577 ac
929 1519 1059 1576 dedecus

118 1617 376 1693 obstupefecerat,
395 1619 571 1676 attonitis¹⁰
583 1619 675 1675 etiam
693 1619 872 1688 victoribus,
888 1618 939 1693 qui
951 1635 1057 1675 vocem

117 1733 281 1791 precesque
302 1717 448 1774 adhibere
463 1735 522 1774 non
541 1717 608 1774 ausi
624 1716 761 1774 lacrimis
777 1735 812 1774 ac
832 1716 959 1775 silentio
969 1717 990 1751 ¹¹
1006 1734 1056 1773 ve-

119 1817 200 1873 niam
216 1816 396 1890 poscebant,
421 1816 516 1873 donec
531 1815 662 1874 Cerialis
677 1815 825 1874 mulceret
839 1815 971 1882 animos,
992 1814 1056 1871 fato
1118 1878 1122 1885 ,

118 1918 188 1971 acta
208 1913 353 1972 dictitans
376 1931 443 1987 quae
468 1914 603 1972 militum
628 1914 797 1988 ducumque
829 1913 982 1972 discordia
1005 1912 1056 1968 vel

117 2013 223 2071 fraude
245 2012 378 2069 hostium
399 2012 585 2070 evenissent.
617 2001 757 2070 Primum
779 2011 864 2068 illum
891 2010 1055 2084 stipendio-

116 2127 183 2167 rum
199 2112 230 2166 et
244 2109 429 2165 sacramenti
448 2109 529 2166 diem
545 2108 713 2177 haberent;
730 2109 867 2183 priorum
884 2107 1054 2164 facinorum

118 2227 214 2284 neque
230 2208 445 2282 imperatorem
461 2225 559 2282 neque
574 2223 606 2264 se
620 2206 806 2264 meminisse.
831 2207 916 2265 Tunc
938 2205 1054 2280 recepti

118 2309 148 2365 in
164 2306 268 2365 eadem
284 2309 400 2373 castra,
429 2306 460 2360 et
481 2304 613 2361 edictum
634 2320 690 2376 per
707 2303 911 2379 manipulos¹²
932 2303 1054 2376 nequis

117 2405 149 2461 in
169 2403 336 2461 certamine
356 2401 502 2477 jurgiove
523 2400 704 2458 seditionem
723 2403 776 2458 aut
797 2401 913 2459 cladem
932 2401 1053 2458 commi-

115 2502 206 2559 litoni
228 2500 407 2582 objectaret.

149 2655 170 2696 5.
196 2648 308 2703 Ducum,
333 2644 365 2693 de
387 2643 512 2693 Numisius
536 2652 559 2692 et
609 2644 670 2692 elles
691 2659 717 2692 se
735 2643 845 2693 tenaient
864 2644 897 2694 ld.
918 2644 947 2693 V.
965 2659 1002 2709 gr.
1022 2643 1054 2692 de

608 2709 665 2758 Tac.
681 2716 730 2758 185.

643 2783 678 2824 10.
697 2773 813 2833 Attoniti,
827 2776 977 2824 consternes.

643 2849 678 2889 11.
701 2843 789 2889 Vocem
812 2856 955 2903 precesque,
979 2841 1054 2888 lacri-

115 2711 289 2762 d'llerennius.

97 2840 99 2842 .
148 2785 170 2826 6.
194 2779 280 2826 Fiscus
292 2776 333 2837 (ou
345 2775 419 2840 fiscus
431 2774 557 2838 Caesaris),

114 2843 192 2892 caisse
214 2859 246 2891 ou
270 2845 349 2890 tre'sor
369 2840 512 2906 particulier
528 2839 560 2888 de

114 2908 270 2973 l'emporeur,
290 2907 352 2955 daus
370 2907 453 2971 lequel
469 2921 495 2953 se
507 2905 560 2953 fon-

115 2975 196 3024 dirent
226 2991 256 3021 eu
269 2977 282 3021 d
296 2989 345 3037 peu
361 2973 397 3021 les
410 2987 513 3020 revcnus
524 2971 558 3019 du

115 3043 193 3088 trc‘sor
204 2991 235 3088 <le
248 3031 319 3088 l'Etat
329 3040 460 3102 (ararium
472 3039 560 3099 populi

114 3107 240 3162 Romani).

148 3179 170 3218 7.
190 3170 228 3218 Ad
245 3176 347 3218 esterna
367 3183 401 3216 sc.
423 3167 495 3215 bella.
521 3163 560 3214 Ad

115 3251 159 3301 par
171 3244 272 3299 rapport
284 3237 306 3282 t.
314 3235 341 3282 V.
353 3249 389 3298 gr.
401 3232 496 3281 dc‘l'ac.
507 3238 556 3280 138.

148 3309 170 3350 8.
194 3301 320 3350 Convertit
347 3302 455 3356 animos,
487 3295 560 3345 uttira

115 3365 264 3422 l'atteution,
280 3364 366 3430 trappa
378 3364 414 3412 los
426 3360 524 3428 osprits.

147 3440 169 3480 9.
183 3431 301 3487 Stabunt,
315 3431 339 3478 lc
349 3429 422 3477 verbe
430 3444 459 3477 cn
471 3427 558 3476 tetede

115 3499 138 3546 la
156 3497 245 3563 phrase
260 3510 327 3562 ‘pour
344 3494 419 3544 l'eil'et
435 3491 557 3543 oratoire:

608 2908 655 2954 uitis
675 2922 704 2954 oc
721 2908 817 2954 silentio
836 2921 866 2954 ne
887 2905 992 2954 forment
1008 2921 1052 2969 pas

609 2971 753 3036 hendiadys.
768 2971 786 3019 ll
803 2970 855 3019 lant
867 2985 1009 3034 rcmarquer
1020 2969 1052 3019 ici

607 3035 863 3093 l'cntre-crcisement,
880 3038 992 3085 lacrimis
1007 3051 1050 3100 op-

608 3105 667 3166 pose'
680 3104 693 3149 d
705 3117 804 3164 preces,
821 3103 917 3150 silentio
932 3104 1051 3165 opposed

607 3183 696 3216 vocem.
711 3168 738 3215 V.
752 3183 788 3233 gr.
799 3166 830 3214 dc
842 3166 869 3215 T.
885 3174 934 3216 175.

643 3240 677 3282 12.
702 3233 752 3280 Per
771 3234 921 3294 manipulos.
949 3233 1051 3298 Chaque

608 3297 734 3362 manipule
746 3297 809 3345 avait
820 3297 885 3346 deux
898 3297 1049 3355 centurions,

608 3362 668 3411 dont
678 3378 734 3410 sans
746 3362 822 3412 doute
833 3364 857 3411 le
869 3364 925 3428 plns
937 3364 1004 3412 e'levd
1020 3380 1050 3412 en

609 3428 684 3492 grade
694 3428 774 3476 faisuit
786 3432 913 3477 connaitre
923 3430 957 3478 les
966 3429 1051 3478 ordres

609 3493 642 3542 du
655 3495 764 3560 general.
783 3495 810 3542 V.
824 3495 848 3553 1,
862 3501 888 3545 31
902 3511 927 3542 n.
941 3502 963 3546 3.
