2346 3922
314 244 404 288 11111
424 245 467 322 1v.
491 243 557 288 cur.
581 227 714 289 24-26.
935 226 994 288 281

54 394 154 436 unum
168 377 281 436 vinciri
292 376 397 454 jubet,
411 377 510 454 magis
526 375 692 453 usurpandi
703 373 802 452 juris⁶
817 391 908 451 quam
923 373 996 452 quia
1025 371 1027 374 ’

55 473 150 532 unius
165 474 255 550 culpa
268 472 358 534 soret.
385 476 548 551 Motusque
563 475 670 533 Bonna
690 473 844 532 exercitus
863 473 895 531 in
917 473 995 532 colo·

57 573 144 629 niam
164 572 437 648 Agrippinensem,
460 573 656 632 affluentibus
676 571 802 630 auxiliis
818 570 992 641 Gallorum,

57 672 112 747 qui
128 673 226 748 primo
247 691 312 731 rem
327 674 497 732 Romanam
512 671 602 730 enixe
618 668 787 745 juvabant3
812 683 884 725 mox
897 667 995 726 vales·

57 770 198 828 centibus
223 770 383 828 Germanis
404 768 556 843 pleraeque
581 767 726 826 civitates
750 765 913 824 adversum
939 784 995 826 nos

57 869 174 927 armari
189 886 242 945 spe
256 868 410 927 libertatis
425 870 472 937 et,
490 867 516 925 si
536 867 693 924 exuissent
713 865 893 934 servitium,
911 865 994 940 cupi-

57 965 130 1024 dine
150 966 344 1043 imperitandi
352 967 374 1024 ⁷.
399 965 554 1025 Gliscebat
576 963 735 1022 iracundia
749 962 920 1038 legionum,
938 980 994 1021 neo

57 1065 208 1122 terrorem
222 1065 313 1123 unius
327 1064 436 1124 militis
450 1063 576 1122 vincula
592 1062 781 1132 indiderant3
800 1061 892 1136 quin⁸
914 1061 993 1120 idem

57 1159 112 1217 ille
140 1160 288 1234 arguebat
313 1159 413 1219 ultro⁹
435 1160 653 1218 conscientiam
678 1159 778 1229 ducis,
805 1163 962 1235 tamquam
971 1161 994 1196 ¹⁰

58 1259 186 1317 nuntius
199 1259 280 1317 inter
291 1259 420 1318 Civilem
432 1259 635 1333 Flaccumque
646 1257 722 1317 falso
734 1258 863 1317 crimine
874 1259 993 1345 testis¹¹

57 1358 126 1415 veri
151 1358 385 1434 opprimeretur.
414 1357 597 1417 Conscendit
621 1356 760 1415 tribunal
773 1355 890 1416 Vocula
910 1352 995 1414 ‘mira

57 1458 246 1528 constantia,
269 1466 472 1533 prensumque
487 1457 616 1515 militem
638 1474 673 1514 ac
687 1455 908 1514 vociferantem
924 1454 993 1512 duci

57 1555 97 1613 ad
118 1554 302 1637 supplicium
322 1554 427 1630 jussit.
455 1556 495 1614 Et
519 1554 591 1612 dum
616 1552 689 1611 mali
709 1555 838 1630 pavent,
861 1553 994 1629 optimus

57 1654 186 1730 quisque
195 1653 291 1729 jussis
305 1670 445 1730 paruere.
464 1653 555 1712 Exim
566 1669 713 1712 consensu
729 1652 835 1711 ducem
846 1635 994 1711 Voculam

56 1753 253 1829 poscentibus
262 1755 294 1821 ¹²,
318 1752 445 1811 Flaccus
466 1769 614 1810 summam
633 1769 736 1810 rerum
751 1750 780 1809 ei
799 1749 950 1826 permisit.

99 1854 150 1913 26.
176 1853 235 1910 Sed
250 1851 420 1911 discordes¹
436 1853 554 1910 animos
568 1852 666 1911 multa
681 1851 864 1920 alienabant,
889 1850 996 1926 inopia

57 1949 204 2024 stipendii
233 1948 439 2024 frumentique
464 1952 496 2008 et
524 1950 615 2008 simul
643 1949 788 2008 dilectum
814 1949 994 2023 tributaque

58 2049 168 2107 Galliae
187 2049 402 2124 aspernantes,
424 2047 552 2106 Rhenus
572 2047 730 2121 incognita
750 2047 797 2106 illi
820 2046 893 2105 oaelo
908 2045 993 2106 sicci.

57 2144 123 2200 tate
143 2143 199 2202 vix
219 2144 343 2202 navium
363 2145 500 2220 patiens,
528 2145 590 2202 arti
611 2144 813 2213 commeatus,
836 2143 994 2217 dispositae

56 2260 113 2320 per
132 2260 250 2300 omnem
270 2243 370 2319 ripam
385 2242 534 2302 stationes
549 2259 616 2317 quae
631 2244 798 2301 Germanos
812 2242 892 2300 vado
911 2258 994 2301 arce-

57 2343 141 2412 rent,
160 2342 323 2418 eademque
338 2344 375 2402 de
386 2346 497 2402 causa²
517 2343 618 2402 minus
633 2342 756 2418 frugum
771 2345 802 2400 et
822 2341 926 2418 plures
941 2339 995 2415 qui

56 2442 280 2498 consumerent.
297 2440 386 2515 Apud
409 2440 566 2516 imperitos
586 2440 721 2516 prodigii
743 2439 808 2498 loco
824 2438 994 2514 accipieba·
1061 2476 1065 2482 -

56 2541 110 2597 tur
138 2539 204 2614 ipsa
231 2555 380 2613 aquarum
408 2539 555 2615 penuria,
592 2539 766 2614 tamquam³
802 2555 857 2597 nos
889 2551 994 2595 amnes

91 2687 113 2728 6.
135 2681 282 2744 Usurpamti
299 2684 384 2744 juris,
414 2681 505 2748 genitis
587 2690 622 2732 12.
640 2681 814 2740 Poscentibas,
837 2679 886 2730 abl.
907 2679 995 2730 absolu

56 2745 305 2811 marquautlemotil,
314 2763 335 2795 1.
360 2746 499 2799 r.deT.66:
551 2747 586 2796 du
598 2756 661 2812 part.
673 2748 735 2796 seul.
749 2747 777 2797 V.
792 2762 829 2812 gr.
842 2745 874 2795 de
885 2745 942 2794 Tac.
956 2751 993 2795 61.

56 2827 122 2876 pour
133 2811 267 2861 maintenir
278 2829 322 2861 son
353 2811 408 2862 roit.
587 2820 640 2861 κ.
660 2821 681 2862 1.
700 2813 842 2870 Discordes,
864 2810 997 2860 11111110-

90 2885 112 2925 7.
131 2878 307 2940 imperitandi.
329 2877 431 2942 Ghaque
454 2877 502 2927 cite
551 2873 994 2942 0111111εο11111111131111111.

56 2941 159 2991 da'sirait
174 2942 242 2992 avoir
258 2944 282 2991 la
298 2942 447 3008 suprematie
459 2960 502 2992 sur
585 2951 606 2993 2.
626 2944 721 2994 Eodem
733 2944 856 2991 decuma.
870 2939 997 2990 Lastche«

56 3009 93 3056 les
106 3018 197 3056 autres.
551 3025 617 3057 resse
640 3007 741 3073 produit
752 3006 818 3056 deux
828 3004 897 3054 effcts
911 3024 916 3054 :
938 3013 961 3054 1⁰
973 3005 996 3053 le

90 3079 112 3122 8.
132 3075 212 3134 Qum,
224 3071 282 3122 bien
295 3073 361 3138 plus.
371 3074 400 3123 V.
414 3072 498 3138 l'enpl.
550 3071 885 3138 manquedelruitsdaasles
894 3069 996 3135 champs

55 3139 90 3188 du
103 3148 166 3196 mot,
180 3140 265 3189 Gantr.
280 3147 334 3197 151,
349 3147 375 3197 3,
389 3154 450 3188 rem.
552 3147 576 3188 2⁰
593 3140 628 3188 les
640 3155 703 3187 caux
716 3138 800 3187 besses
816 3135 851 3185 du
868 3134 933 3184 Rhin
952 3133 995 3200 qui

88 3211 111 3252 9.
132 3202 381 3269 Ultro,allajusqu'a
390 3220 499 3255 accuser.
551 3199 996 3253 11111111110111111011111011111111

52 3270 82 3318 V.
98 3268 206 3334 l'erplic.
220 3268 253 3319 du
266 3279 325 3327 mot,
336 3270 356 3328 I,
370 3278 392 3330 1,
407 3280 465 3318 note
476 3278 499 3320 7.
551 3279 634 3334 postes
655 3269 678 3317 le
690 3269 749 3334 long
769 3267 800 3317 de
817 3281 846 3315 ce
861 3265 953 3325 111111,
971 3274 997 3315 11

89 3342 125 3383 1ο.
148 3335 297 3398 Tamquam,
319 3335 401 3384 disant
419 3351 499 3401 que...
551 3343 711 3400 augmentent
728 3334 752 3384 le
768 3331 871 3384 nombre
883 3331 927 3382 des
939 3346 997 3382 con·

53 3398 95 3450 Cl.
110 3409 168 3450 note
180 3407 202 3450 2.
551 3409 720 3449 sommateurs.

90 3473 126 3514 ll.
148 3466 234 3524 Testis,
257 3465 384 3521 attribut:
407 3482 486 3518 comm
584 3472 606 3514 3.
629 3466 776 3527 Tamquam,
807 3469 908 3529 ciopant
936 3475 994 3528 que.

52 3530 157 3583 samaia.
513 3574 516 3577 .
553 3528 581 3579 V.
594 3545 630 3597 gr.
644 3529 675 3579 de
685 3529 742 3580 Tac.
757 3535 807 3581 130.

865 3591 906 3645 bb*
