2346 3922
199 226 260 287 308

198 374 332 434 deretur.
352 376 426 433 Mox
441 375 619 433 OEensium⁸
640 373 953 450 Leptitanorumque⁹
968 370 1124 430 discordias

422 242 567 288 CORNELII
586 244 687 287 rectit
706 241 920 288 msroutauuut

198 474 361 548 componit,
375 490 442 548 quae
456 476 546 550 raptu
561 473 683 549 frugum
698 478 730 534 et
743 491 886 549 pecorum
901 473 986 530 inter
1000 473 1125 546 agrestes
1168 480 1171 535 1

196 571 322 629 modicis
338 573 499 648 principiis
508 574 541 643 ¹⁰,
554 572 620 647 jam
639 591 694 648 per
708 590 794 631 arma
808 574 900 646 atque
919 571 1035 628 aeies¹¹
1051 585 1124 628 exer

197 669 361 739 cebantur;
389 688 459 728 nam
484 671 613 748 populus
638 671 762 752 OEensis
782 669 983 729 multitudine
1008 668 1126 727 inferior

197 769 400 828 Garamantas
408 771 431 807 ¹²
455 770 629 840 exciverat,
657 771 778 844 gentem
800 769 983 827 indomitam
1004 768 1037 826 et
1055 767 1127 826 inter
1169 814 1171 821 .

196 866 314 926 accolas
332 868 503 926 latrociniis
522 868 682 927 fecundam
690 869 724 928 ¹³.
753 868 840 926 Unde
861 869 939 924 artae
961 866 1127 942 Leptitanis

196 982 259 1033 res,
286 965 408 1040 lateque
428 966 558 1025 vastatis
578 967 662 1041 agris
682 968 765 1026 intra
784 967 898 1024 moenia
918 966 1124 1042 trepidabant,

195 1062 287 1121 donec
312 1063 488 1123 interventu
518 1065 688 1124 cohortium
713 1065 890 1141 alarumque
900 1065 921 1100 ¹⁴
948 1063 1010 1123 susi
1042 1067 1127 1123 aare·

195 1167 314 1221 mantes
330 1166 360 1221 et
375 1166 498 1240 recepta
512 1166 610 1224 omnis
625 1166 744 1241 praeda,
768 1165 829 1223 nisi
844 1182 935 1240 quam
950 1164 1057 1239 vagi¹⁵
1081 1164 1129 1239 per

196 1260 350 1320 inaccessa
371 1263 537 1338 mapalium
552 1263 750 1322 ulterioribus
765 1262 980 1322 vendiderant.

236 1359 288 1420 51.
311 1362 370 1419 Ar
382 1360 571 1435 Vespasiano
579 1363 600 1430 ²,
619 1363 687 1437 post
703 1362 935 1420 Cremonensem
951 1377 1086 1435 pugnam
1099 1358 1129 1416 et

165 1536 168 1542 Ι
194 1476 354 1534 prosperos
376 1459 509 1534 undique
531 1460 671 1530 nuutios,
696 1460 842 1519 cecidisse
861 1457 1026 1518 Vitellium
1045 1456 1131 1515 multi

195 1557 340 1632 cujusque
362 1557 494 1627 ordinis,
523 1558 590 1633 pari
615 1557 744 1615 audacia
765 1556 947 1631 fortunaque
972 1557 1132 1614 hibernum

194 1673 277 1714 mare
293 1656 428 1730 aggressi
437 1657 458 1724 ⁵,
476 1656 669 1714 nuntiavere.
683 1655 820 1714 Aderant
834 1655 930 1729 legati
945 1656 1030 1729 regis
1044 1655 1132 1714 Volo·

193 1754 257 1828 gesi
280 1754 484 1828 quadraginta
502 1753 602 1810 millia
624 1754 829 1811 Parthorum*
844 1754 982 1828 equitum
1005 1753 1131 1811 offeren-

193 1856 250 1911 tes.
282 1853 479 1929 Magnificum
508 1852 670 1928 laetumque
699 1853 796 1911 tantis
825 1852 975 1910 sociorum
1006 1851 1133 1912 auxiliis

192 1951 323 2009 ambiril
338 1968 435 2026 neque
450 1951 599 2026 indigere.
618 1952 734 2011 Gratiae
749 1950 900 2027 Vologese
915 1954 993 2009 actae
1008 1953 1132 2010 manda·

226 2099 248 2142 8.
269 2091 386 2149 OEenaea
409 2090 533 2140 habitante
552 2090 634 2150 d'OEa,

193 2158 250 2207 ville
266 2158 345 2206 situee
365 2160 379 2205 d
397 2155 452 2206 l'est
469 2156 501 2204 de
517 2157 541 2206 la
559 2158 636 2222 petite

721 2100 756 2141 lt.
776 2091 895 2155 C'e'taient
903 2091 947 2140 des
963 2090 1098 2142 lantassius
1110 2102 1135 2143 et

687 2157 731 2206 des
754 2157 871 2207 cavaliers
889 2156 1041 2207 auxiliaires.
1064 2159 1093 2208 V.
1107 2157 1131 2217 l,

192 2225 278 2289 Syrte,
292 2221 342 2285 auj.
355 2221 459 2287 Tripoli.

225 2297 247 2338 9.
266 2290 404 2350 Leptitani,
441 2287 567 2337 habitante
604 2287 636 2337 de

192 2356 284 2436 leptis,
298 2354 388 2402 surlet
400 2352 475 2402 bords
490 2354 522 2403 de
537 2353 561 2402 la
573 2369 634 2413 mer,

193 2421 272 2469 alost
284 2418 366 2469 d'OEa.

227 2492 262 2534 10.
281 2486 381 2534 Modicia
391 2487 528 2548 principiis
537 2483 595 2548 (abl.
603 2485 635 2534 de

192 2550 310 2615 muniere)
315 2559 422 2613 etraptu
433 2550 492 2613 (abl.
500 2550 531 2599 de
538 2552 635 2616 moyen)

192 2633 218 2666 se
237 2625 380 2680 repperient
408 2619 422 2664 d
446 2617 634 2674 coercebantur,

192 2698 287 2731 comme
296 2697 344 2744 per
354 2697 429 2730 errna
440 2699 448 2730 .·
464 2682 500 2730 les
518 2681 635 2731 inimities

192 2746 352 2805 s'exereaient
363 2762 420 2796 avec
433 2746 464 2795 de
474 2745 562 2796 iaibles
571 2763 636 2796 com-

191 2820 359 2862 menceruents
379 2829 454 2877 par...
477 2823 501 2862 et
517 2829 552 2862 se
563 2828 636 2878 pour-

191 2878 312 2928 suiuaient
323 2893 398 2944 par...

226 2953 260 2994 ll.
280 2945 359 2994 Arnen
375 2953 397 2994 et
408 2947 481 2993 ories.
498 2944 531 2993 Le
543 2945 635 2994 second

190 3010 301 3085 (boteille
313 3009 412 3076 rangee)
420 3009 463 3074 ¹dit
482 3010 538 3074 plus
550 3025 599 3075 que
612 3011 635 3060 le

191 3092 306 3139 premier.

225 3150 260 3190 12.
280 3141 453 3198 Garamantes,
477 3140 539 3189 daus
555 3139 635 3190 111111-

191 3222 239 3271 que
263 3205 406 3264 interieum,
420 3222 451 3256 au
463 3206 591 3255 sud-uuest
603 3206 635 3256 de

190 3272 214 3320 la
226 3272 319 3336 grande
329 3272 408 3336 Syrte.

225 3345 259 3387 13.
278 3338 428 3386 latrociniis
437 3337 585 3400 fecundant,
598 3337 633 3386 fe-

190 3402 270 3451 conde
290 3418 321 3451 en
342 3401 518 3466 depredatious
538 3426 571 3444 =
591 3403 634 3468 qui

184 3484 275 3520 exerce
291 3467 324 3520 de
346 3467 492 3536 frequentes
512 3469 632 3534 depreda-

176 3535 246 3589 tious
258 3537 322 3591 chez
335 3554 376 3591 ses
389 3534 496 3590 rotsins.

687 2230 728 2281 60,
743 2232 800 2273 note
812 2230 834 2273 9.

721 2295 755 2337 15.
778 2288 838 2352 Voqi
848 2316 881 2324 -
892 2289 1046 2351 mapalium,
1070 2287 1134 2338 line-

687 2355 772 2403 ralem.
784 2373 789 2402 :
810 2355 886 2403 allant
900 2370 931 2417 ¹eu
942 2363 968 2402 et
978 2354 1003 2402 la
1021 2354 1085 2404 dans
1096 2356 1133 2404 lca

685 2419 786 2483 villages
801 2420 833 2469 de
845 2420 928 2469 huttes
946 2419 1132 2471 inaccessihlea.

685 2486 824 2548 Munatium
836 2484 898 2534 n'est
907 2500 951 2550 pas
963 2502 997 2533 un
1007 2488 1065 2551 gen.
1079 2502 1133 2553 per·

685 2549 737 2599 titii
749 2560 779 2610 tv.
793 2567 829 2616 gr.
843 2551 874 2601 de
886 2551 943 2602 Tac.
957 2550 1003 2613 30).

720 2623 773 2665 51.
794 2625 814 2666 1.
834 2617 865 2666 tr
883 2626 933 2666 sert
948 2621 961 2666 a
979 2619 1132 2682 marquerlu

686 2681 815 2731 transitiou
828 2681 887 2731 d'un
899 2681 987 2746 quetd
999 2699 1033 2732 uu
1042 2694 1130 2734 autre:

686 2748 834 2812 cependant.

719 2820 741 2862 2.
764 2814 922 2876 Vespasiano,
930 2813 973 2878 qui
986 2831 1013 2864 se
1025 2816 1133 2866 uouvait

686 2879 750 2928 alors
762 2883 776 2928 d
788 2879 946 2928 Alexandria.

719 2953 741 2994 3.
755 2945 926 2994 Hibernnm—
931 2947 1049 3009 oppressi,
1059 2956 1131 3015 ayunt

686 3008 790 3059 affronte
802 3012 825 3060 la
837 3026 931 3060 meren
944 3010 1021 3060 hiver.

717 3084 740 3123 4.
748 3077 848 3126 Portlti.
857 3078 902 3126 Les
908 3077 1018 3136 Parthos,
1025 3075 1131 3128 d'abord

685 3156 716 3189 au
729 3141 776 3189 sud
794 3152 818 3197 et
833 3158 865 3191 uu
883 3142 977 3191 sud-est
994 3143 1025 3192 de
1042 3144 1067 3192 la
1079 3160 1131 3193 mer

685 3206 833 3271 Caspieune‚
853 3207 949 3257 avaient
965 3209 1059 3258 e'tendu
1076 3210 1131 3259 leur

684 3271 837 3321 domination
850 3290 893 3323 sur
903 3274 927 3322 lu
939 3273 1020 3323 Medic
1035 3285 1062 3324 et
1074 3277 1130 3341 plus

685 3337 737 3387 lein
749 3354 839 3388 encore
849 3355 902 3388 vers
914 3339 1056 3390 l'occideut.

717 3411 739 3452 5.
761 3404 998 3463 Tentis—ambiri,
1018 3410 1072 3455 atre
1095 3422 1131 3456 re

684 3466 789 3519 chenne
796 3485 842 3535 par
850 3470 895 3520 des
904 3470 975 3520 atties
984 3471 1052 3521 aussi
1065 3472 1131 3538 puia-

691 3543 769 3582 sauss.
