2346 3922
389 267 478 312 tiana
499 268 519 310 1.
544 269 610 312 our.
636 251 767 314 15-16.
1014 245 1051 311 21

115 401 174 463 Est
197 400 257 460 tibi
281 399 410 458 frater¹³
431 399 499 476 pari
514 399 693 468 nobilitate,
721 401 795 457 natu
811 395 919 472 major,
943 397 1054 472 dignus

115 500 173 557 bac
198 498 338 567 fortuna,
362 498 423 556 nisi
443 501 477 556 tu
499 498 601 573 potior
626 515 718 557 esses.
750 499 795 556 Ea
815 501 889 555 aetas
910 500 965 555 tua
988 515 1055 571 quae

114 596 302 671 cupiditates
331 595 546 654 adulescentia
555 594 621 670 jam
637 595 793 670 effugerit,
812 613 847 654 ea
862 595 928 653 vita
948 596 979 652 in
995 612 1056 669 qua

115 692 196 751 nihil
231 693 422 768 praeteritum
458 693 663 751 excusandum
671 696 692 730 ¹⁴
721 695 844 754 habeas,
886 695 1055 752 Fortunam

114 791 216 850 adhue
234 793 356 848 tantum
376 790 566 848 adversam¹⁵
587 791 709 850 tulisti:
734 792 872 850 secundae
892 809 941 849 res
962 792 1056 849 acrio·

115 889 203 946 ribus
230 887 363 945 stimulis
387 888 505 945 animos
531 889 709 965 explorant,
731 890 803 964 quia
827 889 960 946 miseriae
984 887 1057 945 tole-

114 989 237 1055 rantur,
267 985 417 1044 felioitatc
441 989 674 1063 corrumpimur.
711 988 834 1055 Fidem,
862 987 1052 1054 libertatem,

115 1085 302 1153 amicitiam,
329 1084 484 1159 praecipua
503 1085 628 1143 humaui
644 1085 746 1143 animi
761 1086 857 1154 bona,
885 1089 918 1142 tu
934 1085 1055 1160 quidem

115 1185 222 1244 eadem
247 1184 422 1241 constantia
446 1183 608 1252 retinebis,
637 1185 688 1242 sed
717 1184 772 1242 alii
799 1201 853 1259 per
878 1184 1055 1259 obsequium

114 1284 300 1342 imminuent
313 1304 320 1339 ι
334 1282 483 1355 irrumpet
498 1280 645 1349 adulatio,
658 1280 818 1338 blanditiae
833 1283 874 1349 et,
891 1280 1056 1354 pessimum

114 1383 183 1440 veri
204 1381 332 1439 affectus
353 1397 518 1448 venenum,
545 1396 601 1437 sua
615 1380 724 1453 cuique
739 1377 869 1437 utilitas
902 1378 1004 1436 Etiam
1030 1379 1055 1436 si

115 1496 172 1554 ego
201 1496 238 1535 ae
266 1480 301 1536 tu
330 1476 556 1553 simplicissime
585 1477 667 1535 inter
692 1494 748 1535 nos
776 1477 865 1534 hodie
890 1476 1054 1551 loquimur,
1107 1484 1111 1493 ’

115 1577 211 1636 ceteri
236 1575 384 1634 libentius
402 1593 472 1633 cum
492 1575 617 1633 fortuna
636 1578 742 1634 nostra
764 1592 854 1650 quam
881 1575 1053 1644 uobiscum;

117 1693 188 1733 nam
217 1674 346 1732 suadere
370 1673 503 1749 principi
533 1673 611 1748 quod
637 1674 777 1747 oporteat
805 1671 895 1729 multi
923 1671 1054 1740 laboris,

115 1773 285 1832 assentatio
297 1787 370 1846 erga
385 1772 633 1846 quemcumque¹⁶
647 1770 818 1845 principem
834 1771 900 1828 sine
912 1769 1023 1828 affectu
1033 1765 1056 1806 ¹⁷

117 1870 289 1946 peragitur.
314 1888 332 1924 a
780 1923 783 1930 .

160 1968 209 2026 16.
233 1988 251 2022 «
268 1968 302 2025 Si
317 1967 498 2025 immensum
519 1967 642 2042 imperii
660 1984 771 2043 eorpus
790 1972 872 2026 stare
890 1985 926 2025 ao
944 1967 1055 2025 librari

117 2065 185 2124 sine
203 2066 323 2121 rectore
347 2066 464 2137 posset,
492 2064 603 2138 dignus
624 2085 708 2124 eram
733 2084 752 2123 a
776 2085 835 2142 quo
860 2083 909 2123 res
934 2065 1056 2141 publiea

117 2157 289 2238 inciperet:
307 2178 387 2219 nunc
402 2179 437 2219 eo
453 2163 645 2222 necessitatis
652 2164 718 2240 jam
730 2165 847 2239 pridem
859 2167 984 2222 ventum
996 2167 1053 2233 est,

116 2264 153 2319 ut
178 2278 233 2318 nee
257 2277 325 2318 mea
354 2263 493 2318 senectus
518 2261 656 2320 conferre
684 2262 754 2337 plus
781 2262 891 2338 populo
916 2263 1055 2320 Romano

115 2359 216 2434 possit
230 2375 321 2432 quam
335 2359 447 2416 bonum
462 2376 680 2428 successorem,
703 2365 827 2419 nectua
841 2361 909 2436 plus
924 2359 1055 2434 juventa

116 2473 208 2532 quam
223 2456 335 2513 bonum
350 2456 532 2531 prinoipem.
564 2459 627 2517 Sub
642 2459 766 2517 Tiberio
782 2461 813 2517 et
828 2459 905 2518 Gaio
921 2461 951 2516 ct
967 2458 1054 2516 Clau·

116 2555 168 2612 dio
182 2554 274 2612 unius
288 2553 430 2611 familiae¹
447 2557 534 2628 quasi
549 2555 704 2615 hereditas
729 2556 842 2615 fuimus
857 2580 863 2615 :
884 2556 951 2614 loco
966 2555 1055 2613 liber-

116 2652 194 2712 tatis
223 2651 283 2709 erit
309 2651 388 2726 quod
414 2650 487 2724 eligi
517 2653 689 2728 coepimus2.
718 2655 758 2712 Et
785 2654 875 2711 finita
902 2653 1054 2712 Juliorum

118 2748 374 2822 Claudiorumque
389 2746 475 2804 domo
495 2750 643 2823 optimum
658 2767 806 2826 quemque
827 2750 950 2825 adoptio
970 2751 1053 2807 inve-

153 2901 188 2943 13.
208 2893 310 2942 Crassus
322 2890 509 2941 Scribonianus.
609 2893 701 2942 etaient
729 2892 935 2942 successivement
957 2895 1052 2952 eudes,

153 2966 189 3008 14.
209 2959 237 3007 V.
248 2974 285 3024 gr.
300 2957 331 3007 de
340 2957 398 3006 Tac.
412 2964 448 3007 64.
608 2974 653 3023 par
665 2958 793 3023 adoption,
805 2959 866 3007 dans
876 2959 899 3006 la
909 2974 969 3023 gens
977 2959 990 3008 J
994 2958 1052 3007 ulia.

154 3032 190 3074 15.
210 3023 230 3072 ll
262 3022 324 3071 avait
356 3025 395 3071 e'te
426 3022 566 3086 longteurps
609 3023 802 3085 Quanthaius
811 3023 932 3088 Caligula,
946 3023 989 3087 qui
1001 3039 1054 3072 suc-

120 3088 234 3156 proscrit,
255 3097 280 3136 et
299 3088 365 3136 deux
383 3087 415 3136 de
433 3104 471 3137 ses
490 3086 567 3138 freres
608 3087 1054 3146 cedatTibere‚iletaitdelameme

120 3155 218 3204 avaient
227 3155 269 3202 ete
281 3152 326 3201 mis
338 3156 352 3200 a
364 3161 436 3202 mort.
609 3153 714 3211 familie,
728 3169 823 3202 comme
835 3153 873 3202 lils
882 3153 913 3201 de
926 3153 1051 3203 Germani-

155 3227 191 3270 16.
210 3219 238 3269 V.
252 3233 289 3285 gr.
303 3218 336 3267 de
347 3218 404 3268 Tac.
417 3225 454 3267 95.
608 3234 660 3275 cus,
671 3218 779 3282 quic'tait
789 3217 899 3282 petit-fils
908 3217 1052 3283 d'duguste.

155 3292 191 3334 17.
210 3285 272 3333 Saus
287 3283 324 3331 les
340 3282 425 3340 almer,
439 3300 471 3332 on
483 3283 566 3333 donne
641 3291 663 3332 2.
682 3285 748 3346 Etipt
771 3286 896 3345 coepimus.
934 3283 999 3331 Dans
1028 3283 1054 3330 la

121 3366 172 3400 une
194 3342 357 3415 approbation
375 3348 462 3397 servile
480 3351 494 3397 a
511 3358 566 3397 tous
607 3364 680 3413 prose
698 3348 820 3413 classique
839 3365 870 3396 on
891 3347 965 3396 dirait
983 3349 1054 3409 coepti

117 3415 158 3466 les
170 3414 276 3480 princes.
607 3430 702 3463 sumus.
716 3415 743 3462 V.
758 3430 793 3478 gr.
807 3413 838 3462 de
851 3413 878 3462 T.
892 3419 920 3462 99
930 3422 954 3463 et
965 3413 1052 3463 Gantr.

157 3488 210 3529 10.
228 3488 249 3530 l.
263 3477 361 3538 Tibere,
371 3478 473 3540 Glande,
484 3479 564 3529 Neron
609 3486 659 3542 161,
673 3487 696 3542 2,
710 3496 772 3532 rem.
