2346 3922
373 239 464 282 urana
485 240 527 317 ru.
552 240 618 282 oar.
643 222 775 282 39-40.
995 218 1057 282 295

117 371 307 430 consciorum
326 387 434 439 mann,
458 373 491 430 ni
511 371 731 431 Scribonianus
753 369 926 440 abnuisset,
948 388 985 428 ne
1004 387 1055 446 pa·

116 467 224 524 ratis¹³
258 466 379 541 quidem
412 469 565 544 corrumpi
598 467 744 536 facilis¹⁴,
780 470 887 527 ade0¹⁵
916 471 1055 527 metucns

116 567 244 624 incerta.
279 567 380 642 Igitur
410 566 588 634 Mucianus,
622 566 694 640 quia
728 567 885 641 propalam
920 565 1052 641 opprimi

115 665 268 723 Antonius
287 664 449 740 nequibat,
472 664 578 723 multis
604 664 636 722 in
659 665 766 722 senatu
789 664 930 722 laudibus
952 681 1054 721 cumu-

114 762 211 821 latum
226 764 352 821 secretis
366 763 524 838 promissis
540 765 662 832 onerat,
681 762 855 820 citeriorem
870 762 1053 837 Hispaniam

115 863 273 920 ostentans
288 862 421 919 discessu
437 862 539 921 Cluvii
553 862 656 921 Rufiffi
671 878 817 931 vacuam3
840 860 931 918 simul
946 860 1053 918 amicis

115 958 180 1033 ejus
194 961 403 1019 tribunatus⁴¹⁷
417 958 675 1035 praefecturasque
684 959 706 994 ¹⁸
720 958 864 1034 largitur.
883 957 961 1015 Dein
977 957 1055 1030 post-

114 1076 204 1132 quam
230 1060 351 1116 inanem
376 1059 512 1116 animum
537 1075 589 1134 spe
619 1060 650 1115 et
682 1058 825 1134 cupidine
851 1056 1049 1133 impleverat,

115 1156 198 1214 vires
223 1156 325 1214 abolet
356 1156 481 1214 dimissa
506 1155 538 1212 in
570 1155 699 1213 hiberna
708 1137 730 1190 n
759 1154 879 1228 legione
904 1153 1050 1228 septima,

116 1255 202 1330 cujus
228 1254 485 1330 flagrantissimus
511 1254 543 1310 in
572 1253 740 1311 Antonium
765 1268 861 1309 amor.
890 1252 930 1309 Et
959 1251 1053 1308 tertia

114 1352 206 1426 legio,
224 1352 387 1411 familiaris
402 1351 494 1410 Arrio
509 1351 591 1410 Varo
606 1350 704 1418 miles,
722 1351 753 1406 in
770 1349 893 1424 Syriam
908 1349 1049 1416 remissa;

115 1468 186 1525 pars
208 1452 363 1508 exercitus
386 1450 417 1506 in
438 1447 617 1506 Germanias
625 1448 649 1483 ²⁰
675 1445 851 1504 ducebatur.
877 1446 927 1502 Sic
949 1445 1052 1518 egesto

115 1549 263 1624 quidquid
285 1527 489 1614 turbidumffl,
513 1544 606 1602 rediit
627 1544 696 1602 urbi
718 1560 772 1602 sua
792 1543 890 1600 forma
911 1542 1052 1616 legesque

115 1651 145 1706 et
160 1649 267 1706 munia
281 1648 527 1724 magistratuum.

156 1782 206 1840 40.
232 1780 298 1844 Quo
313 1778 361 1835 die
384 1779 522 1835 senatum
543 1776 699 1849 ingressus
721 1778 766 1833 est
787 1775 997 1842 Domitianus,
1016 1775 1052 1831 de

114 1879 255 1936 absentia
279 1877 377 1952 patris
408 1874 574 1947 fratrisque
599 1890 635 1930 ac
659 1872 790 1948 juventa
819 1891 874 1931 sua
898 1890 996 1949 pauca
1021 1875 1052 1930 et

114 1976 251 2032 modical
274 1973 437 2040 disseruit,
454 1971 600 2028 decorus²
615 1970 740 2038 habitu;
764 1973 794 2028 et
815 1972 928 2045 ignotis
953 1971 1051 2028 adhuc

113 2075 249 2131 moribus
270 2074 379 2130 crebra
404 2071 467 2129 oris
488 2067 644 2126 confusio³
669 2086 723 2144 pro
749 2069 897 2128 modestia
922 2069 1051 2143 accipie·

113 2173 214 2231 batur.
239 2172 404 2232 Referente
420 2172 538 2229 Caesare
560 2170 596 2227 de
616 2169 814 2228 restituendis
830 2170 944 2229 Galbae
959 2171 1050 2227 hono-

113 2328 212 2377 dl'abl.
237 2327 288 2376 abs.
314 2327 375 2376 dans
399 2341 447 2374 unc
470 2324 559 2390 phrase
609 2333 688 2373 ments
709 2325 740 2373 de
760 2325 872 2374 cohortes
892 2324 1047 2384 auxiliaires,

114 2393 293 2460 lrypothe'tique
305 2408 336 2441 au
354 2392 404 2440 lieu
416 2390 491 2439 d'une
506 2406 560 2455 pro·
609 2405 640 2438 ou
658 2391 825 2449 d’escadrons,
837 2401 884 2440 eto.

114 2459 220 2525 position
256 2457 401 2524 principale.
435 2458 469 2506 La
502 2472 559 2520 pro·
644 2463 679 2505 19.
698 2454 1048 2513 lnltiberaa,enl‘annonie.

114 2524 221 2590 position
238 2528 266 2572 ni
280 2525 404 2572 statuisset
428 2520 479 2571 doit
498 2521 559 2570 faire
642 2529 678 2570 20.
698 2523 727 2571 la
739 2523 899 2580 Germanias,
915 2531 999 2572 contre
1014 2522 1050 2571 les

114 2591 229 2656 regarder
246 2599 322 2639 toute>
333 2591 356 2637 la
377 2588 465 2652 phrase
486 2587 560 2653 hypo·
608 2587 709 2635 Bataves
721 2587 840 2636 soulcues.

113 2655 226 2720 tinctiquc
235 2671 328 2704 comme
338 2671 386 2703 une
396 2653 515 2702 assertion
528 2653 559 2701 de
642 2660 678 2701 21.
698 2653 782 2715 Epcato
791 2655 911 2716 quidquid
919 2653 1050 2702 turbidum,

113 2722 206 2771 Tacite.
608 2733 642 2766 sc.
656 2726 842 2784 erot=cgesto
862 2733 891 2767 eo
912 2717 979 2783 quod
1002 2729 1050 2767 tur-

150 2796 185 2836 13.
205 2783 470 2848 Poroto,entrep1·ise
490 2786 556 2832 sure.
607 2781 693 2831 bidum
717 2794 785 2837 erati
813 2786 934 2847 quidquid
956 2792 993 2832 est
1016 2800 1049 2832 un

148 2861 183 2901 14.
202 2853 294 2900 Facilis
316 2866 342 2899 sc
361 2848 482 2899 construit
497 2849 558 2897 dans
607 2864 710 2912 pronam
722 2849 798 2897 mixto
810 2848 853 2914 qui
871 2849 993 2897 renfcrmc
1005 2865 1049 2897 son

115 2921 138 2967 la
150 2934 222 2983 prose
235 2917 357 2980 classique
375 2931 432 2964 avec
445 2915 467 2962 le
484 2914 557 2978 supin
607 2914 769 2972 antecedent,
791 2930 889 2976 vcomme
913 2916 1050 2976 quicunque

113 3001 146 3033 ou
167 2999 224 3031 arec
246 2984 280 3030 od
297 2991 321 3030 et
342 2983 365 3030 le
381 2979 504 3046 gerardii.
527 2981 555 3029 V.
607 2979 736 3042 (=omais
751 2982 822 3028 bomo
834 2982 885 3044 qui)
902 2989 926 3028 et
942 2977 1049 3027 d'autres

114 3051 199 3100 Gantr.
214 3054 287 3106 5182,
302 3063 362 3095 rem.
607 3044 700 3093 relatifs
712 3047 845 3109 generauit.

148 3123 183 3163 15.
204 3110 555 3176 Ademtplnslorteraison,
645 3117 699 3158 4⁰.
727 3119 748 3158 1.
773 3111 860 3159 Pauca
885 3125 914 3158 oc
939 3110 1050 3167 modico,

114 3179 225 3228 d'antant
237 3179 301 3242 plus.
316 3179 344 3227 V.
353 3193 390 3242 gr.
402 3176 433 3224 de
445 3176 473 3226 T.
484 3183 495 3234 ᾗ
506 3183 555 3225 103.
607 3175 728 3240 quelques
740 3175 837 3239 parolcs
849 3177 981 3224 mesure'es.

150 3253 185 3293 16.
205 3245 307 3294 Cluvius
323 3243 415 3306 irrasos,
437 3257 459 3290 v.
479 3242 505 3300 1,
528 3248 555 3299 8,
645 3249 666 3289 2.
685 3242 794 3290 Decorus
813 3241 913 3299 licrbitu,
939 3255 996 3288 avec
1013 3255 1047 3288 un

114 3321 172 3358 noto
184 3318 212 3366 3,
226 3319 250 3358 et
262 3309 293 3365 ll,
305 3315 341 3358 65.
606 3305 681 3355 noble
693 3305 819 3355 maintien.

149 3384 183 3425 17.
207 3375 359 3422 Tribunatus
379 3389 413 3422 sc.
438 3375 554 3422 militnm.
640 3380 662 3421 3.
682 3372 777 3422 Crebro
799 3371 923 3435 confusio,
949 3369 973 3419 la
994 3386 1048 3419 rou-

149 3450 184 3490 18.
204 3441 388 3506 Pr‘aesrcturus,
403 3439 557 3488 commando·
606 3453 667 3505 geur
679 3437 816 3503 frequente.
