2346 3922
113 180 175 242 332
338 194 482 241 connum
502 196 603 243 rnc1r1
622 197 836 244 ursronmnnm

154 329 205 388 73.
230 329 303 388 Mox
318 329 469 388 Treveros
489 347 526 388 ac
541 330 697 406 Lingonas
718 329 756 402 ad
771 329 948 389 contionem
962 345 1044 388 voca-

113 431 161 487 tos
186 429 231 487 ita
255 427 438 503 alloquitur:
462 449 479 484 «
496 429 603 504 Neque
629 445 685 503 ego
710 445 853 504 umquam
875 428 1046 487 facundiam

113 527 250 596 exercui,
283 528 314 584 et
345 525 450 602 populi
478 526 612 585 Romani
639 526 788 584 virtutem
807 527 905 585 armis
922 526 1046 586 affirma·

111 627 173 695 vi¹;
198 625 249 683 scd
270 624 414 700 quoniam
435 624 515 698 apud
536 639 592 682 vos
613 623 708 681 verba
730 623 899 698 plurimum
927 625 1045 691 valent,

111 724 251 798 bonaque
269 741 305 781 ae
325 722 407 780 mala
426 739 488 780 nou
507 739 562 780 sua
581 723 694 780 natura
715 721 768 779 sed
783 722 913 782 vocibus
927 722 1048 781 seditio-

114 839 216 882 sorum
237 823 439 889 aestimantur,
464 821 559 879 statui
581 837 679 896 pauca
704 820 871 890 disserere,
895 839 965 897 quaa
986 839 1048 898 pro·

113 921 219 996 fligato
230 920 309 978 bello
322 918 430 978 utilius
441 919 483 978 sit
489 920 577 978 vobis
587 920 709 978 audisse
720 936 811 993 quam
824 919 913 978 uobis
924 920 1047 980 dixisse.

113 1020 240 1078 Terram
255 1020 390 1077 vestram
405 1019 635 1092 ceterorumque
651 1016 809 1076 Gallorum
831 1019 968 1093 ingressi
984 1021 1051 1078 suut

110 1119 204 1176 duces
232 1117 509 1193 imperatoresque²
534 1115 666 1175 Romani
695 1115 781 1174 nulla
809 1118 974 1192 cupidine,
1001 1118 1051 1176 sed

114 1215 281 1292 majoribus
295 1216 407 1275 vestris
428 1213 659 1282 invocantibus,
677 1231 752 1289 quos
774 1214 937 1274 discordiae
959 1234 1052 1292 usque

113 1312 152 1370 ad
177 1312 307 1370 exitium
335 1311 525 1386 fatigabant,
556 1315 588 1370 ct
616 1314 708 1371 acciti
736 1314 855 1373 auxilio
886 1317 1052 1376 Germani³

115 1410 206 1468 sociis
220 1410 338 1485 pariter
351 1412 443 1486 atque
464 1410 605 1469 hostibus
626 1412 807 1471 servitutem
830 1414 1051 1489 imposuerant.

116 1511 195 1575 Quot
209 1509 328 1585 proeliis
346 1510 496 1568 adversus
517 1509 656 1569 Cimbros
678 1512 905 1587 Teutonosque,
931 1515 1055 1588 quantis

114 1610 304 1667 exercituum
319 1610 492 1667 nostrorum
507 1607 665 1667 laboribus
677 1627 775 1684 quove
796 1614 909 1670 eventu
929 1614 1053 1671 Germa-

113 1709 183 1766 nica
211 1707 310 1766 bella⁴
338 1708 591 1777 tractaverimus
623 1709 699 1767 satis
729 1710 856 1770 clarum.
888 1712 955 1770 Nec
985 1712 1053 1769 ideo

113 1806 257 1864 Rhenum
279 1805 445 1864 insedimus
464 1807 499 1863 ut
520 1805 644 1863 Italiam
665 1807 834 1877 tueremur,
858 1810 911 1868 sed
927 1827 966 1867 ne
985 1810 1055 1885 quis

114 1904 194 1962 alius
214 1904 390 1962 Ariovistus
411 1921 506 1979 reguo
526 1902 696 1963 Galliarum
717 1909 888 1982 poteretur.
915 1910 984 1966 An⁵
999 1926 1056 1967 vos

114 2011 248 2069 cariores
270 2009 363 2068 Civili
388 2009 576 2084 Batavisque
597 2011 629 2067 et
649 2005 886 2065 transrhenanis
908 2006 1056 2080 gentibus

115 2109 241 2167 creditis
261 2124 351 2183 quam
376 2108 543 2184 majoribus
569 2124 672 2166 eornm
698 2104 802 2181 patres
827 2104 941 2179 avique
956 2105 1056 2164 vestri

113 2207 257 2266 fueruntl
272 2207 385 2266 Eadem
400 2223 519 2284 semper
533 2224 625 2265 causa
640 2203 803 2264 Germanis
817 2205 1057 2265 transcendendi

115 2308 146 2363 in
168 2307 299 2375 Gallias,
327 2306 441 2365 libido⁶
462 2309 554 2381 atquc
579 2304 715 2366 avaritia
740 2305 771 2361 et
792 2303 947 2361 mutandae
973 2305 1056 2364 sedis

114 2417 210 2469 amor,
228 2402 263 2458 ut
277 2399 396 2458 relictis
413 2400 576 2476 paludibus
591 2403 622 2459 et
637 2400 856 2460 solitudinibus
872 2401 936 2460 suis
951 2402 1055 2461 fecun-

114 2499 273 2556 dissimum
284 2499 341 2556 hoc
352 2498 575 2573 solumvosque
593 2498 675 2575 ipsos
690 2499 893 2573 possiderent,
911 2498 1056 2559 Ceterum

114 2595 242 2654 libertas
267 2598 298 2654 et
323 2596 460 2672 speciosa
485 2595 610 2654 nomina
634 2598 863 2674 praetexuntur3
876 2614 948 2654 ‘neo
973 2600 1056 2673 quis-

151 2752 204 2794 18.
228 2754 249 2795 1.
271 2744 416 2810 Affirmaot.
440 2745 461 2795 Il
479 2745 562 2794 uenait
609 2744 749 2794 dresstrcnt
764 2744 873 2802 desar,
889 2744 1058 2812 quivainquit

116 2812 147 2861 (16
171 2811 251 2861 baluc
272 2810 417 2861 Valentinus
448 2814 462 2859 (1
485 2812 560 2869 ueni,
608 2809 765 2860 Ariovistcd
785 2810 921 2868 Besancon.
946 2812 974 2862 V.
993 2813 1055 2864 Gaes.

115 2875 561 2952 ap1·dsquasonlientenantSextilius
609 2874 635 2925 b.
649 2892 672 2942 g.
686 2875 710 2934 I,
724 2883 761 2924 31.

116 2952 158 2993 eut
169 2943 339 2992 varncuTutor
350 2941 560 3006 prtschingcn.
641 2950 664 2990 4.
684 2941 833 2991 Gordianus
849 2941 921 2991 bellu.
944 2943 964 2993 11
985 2943 1058 3010 s'agit

149 3017 171 3058 2.
182 3009 324 3071 Imperator
331 3007 367 3055 dit
377 3009 433 3073 plus
442 3024 492 3072 que
499 3010 559 3057 duc.
608 3006 653 3056 das
671 3005 828 3072 expeditioris
848 3007 879 3056 de
899 3006 1003 3067 uiuere,
1026 3011 1057 3060 de

116 3075 192 3124 Cesar
208 3073 327 3138 s'appelle
339 3072 464 3123 lui-meme
484 3076 560 3136 impe·
608 3074 715 3129 Drusus,
728 3072 760 3121 dc
772 3071 941 3131 Germanicus,
954 3090 987 3123 au
1000 3076 1058 3125 (1611

117 3148 199 3197 roton,
221 3155 259 3188 ses
279 3138 429 3188 lientenants
444 3147 500 3204 sont
518 3139 561 3188 des
609 3138 643 3186 du
656 3137 734 3195 Rhin,
759 3153 853 3187 comme
866 3138 933 3187 aussi
951 3140 996 3189 des
1014 3140 1056 3191 ha-

117 3208 199 3256 6166666.
609 3203 690 3252 tailles
712 3203 799 3252 liurtcs
826 3219 875 3252 aun
897 3204 1011 3256 Gimbros
1035 3218 1060 3258 et

151 3279 173 3321 3.
193 3270 320 3320 Germani.
351 3270 397 3319 Les
420 3268 560 3328 Germains,
609 3269 787 3318 aun'leutons.

116 3353 173 3386 sous
185 3334 314 3394 Ariovisto,
322 3334 455 3384 vinrentau
463 3351 562 3384 sccours
643 3342 665 3384 5.
684 3333 1060 3402 An-crcditte?Croyez-vous

117 3403 161 3451 dos
180 3401 298 3450 Arverrnes
321 3411 345 3450 et
368 3400 411 3449 d‘es
434 3401 561 3464 quuanes
609 3403 680 3450 donc.
693 3401 721 3449 V.
736 3399 843 3464 l'explic.
862 3402 949 3451 Genu.
967 3411 1020 3464 186,
1035 3413 1056 3454 7.

110 3478 199 3522 contrc
216 3468 253 3520 les
265 3458 377 3520 Eduens.
400 3466 503 3519 (leun-oi
520 3467 562 3517 s'n-
642 3474 665 3515 t.
686 3467 784 3525 libido,
799 3465 906 3531 caprice.
