2346 3922
190 214 251 275 240
414 228 558 271 conusnn
578 227 679 270 rnerrr
699 223 913 271 muronmnnsr

189 377 328 433 Primum
342 375 503 450 paternum
517 375 660 434 clientem
674 373 768 450 juxta
781 373 969 434 Velabrum²
991 369 1130 429 delituit.

187 478 231 535 Ao
242 478 378 551 potiente
393 494 495 534 rerum
515 479 618 552 patre,
643 475 770 551 disjecto
785 476 891 535 aeditui
908 473 1130 541 contubernio,

186 577 337 633 modicum
359 575 503 634 sacellum
522 577 594 635 Jovi
617 575 834 634 Conservatori
856 590 1004 648 aramque
1025 570 1132 646 posuit

186 691 273 732 casus
294 691 364 732 suos
385 674 418 731 in
440 692 590 732 marmore
611 675 821 750 expressam³;
845 673 936 750 mou·⁴
962 671 1130 747 imperium

186 773 313 847 adeptus
335 774 406 832 Jovi
422 773 547 831 Custodi
568 773 715 847 templum
741 773 849 848 ingens
870 772 982 845 seque⁵
1009 771 1041 827 in
1059 770 1129 827 sinu

186 870 235 928 dei
250 871 396 927 sacravit.
421 870 553 928 Sabinus
569 872 599 927 et
614 870 736 928 Atticus
754 869 874 927 onerati
896 869 1017 926 catenis
1038 870 1071 924 et
1091 866 1128 924 ad

185 969 345 1027 Vitellium
367 968 451 1025 ducti
472 986 662 1042 nequaquam
684 966 795 1026 infesto
815 984 954 1025 sermone
976 966 1129 1040 vultuque

185 1067 392 1141 excipiuntur,
423 1066 623 1124 frementibus
652 1067 704 1140 qui
728 1065 781 1140 jus
813 1065 906 1123 oaedis
937 1067 969 1122 et
998 1064 1128 1138 praemia

187 1168 307 1222 navatae
322 1182 421 1240 operae
435 1165 591 1240 petebant.
620 1164 758 1222 Clamore
773 1182 792 1221 a
806 1163 956 1240 proximis
978 1167 1048 1221 orto
1064 1180 1127 1220 sor-

185 1265 256 1322 dida
280 1282 351 1338 pars
377 1264 474 1339 plebis
496 1264 679 1339 supplicium
706 1264 814 1322 Sabini
839 1263 995 1338 exposcit,
1024 1264 1127 1321 minas

183 1363 433 1437 adulationesque
448 1364 566 1420 miscet.
592 1364 733 1421 Stantem
752 1379 806 1436 pro
822 1362 987 1436 gradibus⁶
1005 1362 1126 1420 Palatii

183 1461 346 1519 Vitellium
365 1465 396 1519 et
410 1478 515 1536 preces
536 1464 696 1536 parantem
718 1462 877 1536 pervicere
892 1462 927 1517 ut
941 1460 1124 1529 absisteret;

182 1562 248 1617 tum
259 1559 431 1617 confossum
441 1558 669 1634 laceratumque
685 1561 715 1617 et
726 1560 846 1617 absciso
861 1560 963 1634 capite
978 1562 1125 1618 truncum

182 1673 292 1730 corpus
315 1656 422 1714 Sabini
446 1656 476 1712 in
494 1656 676 1714 Gemonias⁷
690 1656 830 1717 trahunt.

223 1754 273 1814 75.
299 1755 358 1812 Hic
379 1755 480 1812 exitus
497 1756 559 1812 viri
581 1755 661 1812 haud
683 1773 755 1815 sane
777 1755 950 1830 spernendi.
976 1754 1121 1829 Quinque

182 1854 213 1910 et
227 1852 359 1926 triginta
373 1853 544 1927 stipendial
560 1854 592 1911 in
607 1871 641 1911 re
656 1853 778 1928 publiea
792 1853 921 1923 fecerat,
941 1854 1024 1911 domi
1040 1853 1120 1911 mili-

181 1951 293 2025 tiaeque
321 1950 433 2009 clarus
476 1953 686 2010 Innocentiam
710 1952 927 2027 justitiamque
959 1952 1025 2028 ejus
1060 1970 1120 2010 non

181 2051 362 2124 argirores2;
394 2051 541 2107 sermonis
571 2052 684 2108 nimius
710 2056 793 2120 erat3
822 2050 853 2108 id
882 2068 977 2108 unum
1002 2052 1121 2126 septem

181 2148 270 2204 annis
282 2147 392 2221 quibus
404 2149 574 2218 Moesiam³,
591 2144 750 2206 duodecim
764 2149 874 2223 quibus
885 2149 1121 2225 praefeoturam⁴

167 2228 265 2300 „urbis
285 2244 433 2314 obtinuit,
458 2244 664 2303 calumniatus
685 2248 731 2303 est
753 2263 868 2304 rumor.
898 2247 934 2304 In
958 2245 1020 2303 fine
1046 2247 1121 2304 vitae

179 2339 234 2397 alii
263 2357 400 2415 segnem,
429 2341 518 2398 multi
543 2343 734 2399 moderatum
759 2344 791 2400 et
816 2343 932 2400 civium
957 2342 1120 2416 sanguinis

178 2455 303 2512 parcum
318 2437 483 2495 credidere.
503 2438 588 2502 Quod
604 2439 686 2496 inter
701 2456 804 2497 omnes
819 2439 1025 2508 constiterit⁵,
1047 2443 1120 2497 ante

212 2603 234 2643 2.
268 2594 421 2649 Velabrum,
455 2592 564 2656 quartier
591 2593 623 2642 de

672 2595 708 2642 lcs
718 2594 834 2643 cadavres
847 2593 890 2643 des
901 2593 1048 2658 supplicie's,
1057 2610 1121 2660 pour

179 2661 264 2716 Rome,
274 2663 287 2706 :i
297 2658 384 2707 l'ouost
396 2658 428 2705 du
441 2659 621 2717 montPalatiu‚

672 2660 707 2708 les
716 2658 782 2722 jeter
793 2660 854 2708 dans
867 2661 889 2708 le
901 2659 989 2709 [leuve.

179 2735 248 2775 entre
261 2725 283 2772 lo
296 2723 363 2773 vicus
373 2725 466 2772 Tuscus
476 2735 500 2772 et
510 2724 532 2772 le
542 2723 622 2772 iorum

180 2790 301 2840 boarium.

212 2865 233 2904 3.
248 2855 325 2905 Casiis
334 2870 489 2915 cupressum,
499 2866 623 2904 construc-

179 2921 229 2970 tion
243 2920 325 2968 imitc'e
337 2919 483 2983 despectos.
501 2922 528 2970 V.
542 2938 578 2986 gr.
589 2921 621 2969 de

177 2988 246 3044 Tac,
264 2994 300 3035 20.

210 3061 233 3100 4.
253 3053 321 3109 tion,
345 3051 455 3108 ensuite,
475 3051 531 3114 plus
550 3051 618 3110 iord,

177 3133 271 3165 commo
284 3128 386 3166 souvent
404 3118 466 3165 dans
477 3116 569 3166 Tacite.

211 3191 232 3231 5.
251 3183 340 3244 Seque,
355 3200 380 3231 sa
394 3198 483 3247 propre
496 3182 584 3246 image.

210 3255 231 3295 6.
252 3248 302 3295 Pro
312 3249 446 3309 qrndibus,
466 3264 509 3295 sur
525 3249 561 3295 les
580 3247 621 3296 do-

86 3355 88 3359 ,
177 3316 240 3378 grr's.
254 3313 282 3361 V.
297 3329 333 3377 qr.
347 3313 378 3361 dc
390 3315 459 3370 Tac,
475 3320 524 3361 154.

210 3387 232 3426 7.
247 3378 367 3427 Gemonias
377 3395 411 3427 so.
422 3380 504 3435 seule,
517 3377 620 3426 escalier

177 3443 620 3508 conduisantauTibreprdsdumont

177 3508 291 3558 Aventin.
316 3508 380 3559 G'est
392 3510 415 3559 la
434 3508 508 3575 qu'on
520 3508 620 3558 trainait

707 2748 759 2789 u.
779 2749 799 2789 l.
813 2741 952 2802 Stipendia.
967 2741 987 2790 ll
1000 2742 1064 2791 avait
1076 2745 1116 2792 ete

671 2813 698 2854 35
720 2822 763 2853 ans
786 2822 817 2854 au
836 2806 928 2855 service
945 2806 978 2856 de
1001 2809 1025 2856 la
1044 2811 1117 2874 repu-

670 2869 765 2935 hiique.

704 2944 725 2985 2.
745 2936 881 2999 Aequores,
896 2933 995 3001 impari.
1006 2937 1115 3001 dusubj.

671 3001 791 3066 potentiel
823 3001 962 3065 exprimant
988 3004 1012 3052 le
1033 3004 1118 3054 condi-

671 3067 765 3116 tionnel
788 3071 859 3131 passe
882 3082 912 3115 en
938 3067 1055 3127 franceis.
1085 3071 1115 3119 V.

671 3134 767 3190 Guntia,
783 3141 837 3189 145,
850 3140 877 3186 2,
891 3149 952 3181 rem.
969 3142 989 3183 1.

702 3220 724 3261 3.
744 3214 860 3262 Moesiam.
871 3215 899 3263 V.
914 3213 933 3270 l,
948 3220 985 3272 79,
997 3225 1056 3265 note
1068 3224 1088 3265 1.

701 3302 724 3341 4.
743 3294 909 3357 Praeseeturo.
923 3294 953 3344 V·
967 3295 986 3353 l,
1002 3304 1038 3355 14,
1050 3314 1075 3348 n.
1088 3303 1111 3346 6,

702 3383 723 3423 5.
738 3375 889 3434 constiterit,
901 3375 966 3438 subj.
979 3378 1114 3441 potenticl:

669 3456 697 3490 oe
710 3441 772 3489 dont
785 3451 838 3490 tout
850 3443 873 3490 le
883 3441 975 3491 monde
987 3453 1048 3506 peut
1058 3460 1116 3496 con-

668 3505 745 3557 venir.
760 3507 788 3557 V.
802 3523 839 3571 gr.
853 3507 885 3557 do
897 3508 954 3557 Tac.
970 3515 998 3557 77
