2346 3922
186 182 247 243 234
407 197 552 244 ooaunnn
571 197 672 241 raom
692 194 905 242 msronmnuu

228 330 278 390 69.
303 330 503 389 Praevenerat
531 346 636 388 rumor
663 328 797 405 ejurari¹
822 329 861 388 ab
887 344 923 387 ao
944 327 1125 404 imperium,

186 429 409 504 scripseratque
434 428 561 488 Flavius
580 428 712 487 Sabinus
732 427 904 486 cohortium
928 427 1067 485 tribunis
1092 428 1127 485 ut

184 527 314 586 militem
336 527 543 586 cohiberent2.
572 527 674 601 Igitur
697 526 853 600 tamquam
875 526 974 584 omnis
1001 540 1050 583 nes
1072 542 1125 601 pu·

184 625 265 684 blica
286 627 317 683 in
329 626 511 702 Vespasiani
530 626 631 684 sinum
650 625 808 694 cessisset,
825 625 976 700 primores
999 626 1125 682 senatus

185 727 216 782 et
229 723 368 799 plerique
383 726 532 800 equestris
554 723 670 781 ordinis
691 724 849 798 omnisque
863 721 951 780 miles
966 721 1124 780 urbanus³

185 825 216 881 et
230 823 341 897 vigiles
362 823 482 881 domum
503 822 606 882 Flavii
626 819 738 880 Sabini
756 811 957 896 complevere.
987 820 1067 879 Illuc
1088 820 1125 879 da

184 920 295 977 studiis
309 919 394 993 vulgi
410 920 441 977 ot
456 920 548 976 minis
564 918 833 977 Germanicarum⁴
848 917 1023 976 cohortium
1037 916 1124 975 affer·
1159 907 1160 910 '

184 1018 247 1076 tur.
273 1017 409 1092 Longius
430 1017 496 1092 jam
521 1034 700 1093 progressus
722 1019 789 1075 erat
815 1033 905 1092 quam
937 1017 973 1073 ut
1000 1016 1123 1090 regredi

184 1116 301 1190 possct;
320 1117 350 1172 et
372 1131 425 1173 suo
441 1115 568 1190 quisque
593 1117 676 1173 metu
699 1132 737 1173 na
752 1113 896 1191 disjectos
911 1130 1008 1189 eoque
1023 1115 1124 1172 minus

184 1212 301 1271 validos
316 1212 478 1272 Vitelliani
489 1216 750 1282 consectarentur,
764 1213 978 1271 cunctantem⁵
995 1212 1125 1271 inerma

184 1311 392 1386 impellebant.
421 1311 481 1370 Sed
506 1311 585 1386 quod
612 1312 643 1368 in
669 1311 735 1387 eJ'us
764 1310 845 1368 modi
874 1310 965 1368 rebus
991 1311 1121 1380 accidit,

183 1411 344 1468 consilium
373 1410 411 1468 ab
440 1411 580 1468 omnibus
609 1410 713 1468 datum
739 1411 802 1479 est,
833 1407 1006 1483 periculum
1034 1408 1137 1484 pauci¹

156 1572 159 1577 ,
184 1524 350 1582 sumpsere.
375 1507 464 1565 Circa
482 1506 581 1564 lacum
607 1506 769 1566 Fundani⁶
790 1505 1046 1564 descendentibus
1072 1504 1123 1580 qui

184 1604 330 1663 Sabinum
342 1605 568 1662 comitabantur
578 1605 706 1663 armatis
720 1605 886 1663 occurrunt
899 1602 1123 1680 promptissimi

183 1703 430 1762 Vitellianorum.
462 1703 617 1762 Modicum
642 1702 684 1761 ibi
711 1701 854 1778 proelium
879 1701 1048 1776 improviso
1074 1704 1119 1760 tu-

183 1801 309 1870 multu⁷‚
340 1800 392 1859 sed
413 1817 591 1877 prosperum
612 1800 790 1859 Vitellianis
818 1799 888 1858 fuit.
923 1799 1058 1858 Sabinus
1086 1817 1119 1857 re

182 1898 332 1973 trepida⁸‚
370 1897 449 1972 quod
484 1896 673 1955 tutissimum
710 1915 726 1954 a
761 1897 982 1972 praesentibus,
1020 1914 1121 1956 arcem

183 1995 328 2072 Capitolii
344 1995 457 2052 insedit
471 1995 569 2053 mixto
583 1995 683 2052 milite
701 1995 732 2052 et
747 1992 928 2069 quibusdam
944 1997 1131 2053 senatorum>

181 2093 391 2168 equitumque,
409 2109 538 2166 quorum
559 2093 684 2150 nomina
696 2092 820 2150 tradere
841 2092 922 2150 haud
944 2096 1119 2169 promptum

181 2193 244 2260 est,
276 2191 420 2266 quoniam
447 2190 566 2247 victore
591 2190 780 2265 Vespasiano
806 2190 895 2248 multi
921 2190 952 2248 id
977 2192 1122 2249 meritum

181 2306 256 2365 erga
283 2291 386 2364 partas
414 2287 609 2349 simulavere.
649 2288 817 2347 Subierunt
846 2288 1008 2353 obsidium,
1028 2290 1122 2349 etiam

117 2398 120 2403 ’
180 2387 317 2457 feminae,
341 2388 424 2446 inter
443 2405 519 2463 quas
544 2388 676 2446 maxime
709 2388 840 2462 insignis
861 2387 1020 2448 Verulana
1047 2389 1121 2447 (tra-

180 2484 279 2555 tilla⁹,
311 2501 409 2559 neque
437 2485 550 2544 liberos
580 2502 677 2560 neque
702 2485 889 2561 propinquos
925 2484 977 2543 sed
1007 2484 1122 2543 bellum

180 2586 294 2643 secuta.
311 2583 498 2645 Vitellianus
519 2584 607 2644 miles
628 2585 746 2643 socordi
769 2583 908 2643 custodia
927 2583 1047 2644 clausos
1063 2585 1119 2642 cir-

180 2737 271 2805 parteis
290 2737 324 2785 du
345 2737 438 2802 temple
465 2734 497 2784 de
518 2735 542 2783 la
562 2735 625 2785 Con·
674 2734 737 2785 avait
747 2733 792 2784 tire
802 2734 833 2784 de
841 2733 941 2784 l'armde
950 2734 981 2785 de
989 2735 1121 2787 Germanic

179 2804 267 2862 corde,
289 2802 353 2852 silut
374 2819 405 2851 au
427 2800 485 2866 picd
505 2800 540 2849 du
556 2811 626 2850 mont
674 2801 718 2850 des
730 2801 844 2851 cohortes
859 2800 1047 2866 pretoriennes,
1061 2803 1121 2855 dont

180 2869 318 2935 capitolin,
327 2866 623 2926 contournaitlellorum,
674 2866 733 2917 trois
746 2865 839 2915 etaient
850 2881 940 2916 encore
952 2870 966 2915 d
978 2867 1065 2919 Rome.

180 2945 205 2984 et
217 2934 327 3001 longeait
342 2935 366 2983 le
378 2942 447 2983 mont
459 2932 569 2994 Palatin,
583 2948 626 2982 sur
706 2940 728 2982 5.
748 2932 910 2982 Cunctantem
922 2947 956 2982 sc.
970 2933 1102 2984 Sabinum.

180 3003 265 3067 lequel
277 3000 337 3050 escit
351 3000 374 3048 le
387 2997 474 3064 palcis.
707 3005 729 3046 6.
749 2998 829 3072 lausus
841 2999 975 3057 Fundani,
992 2998 1078 3049 bassin
1089 2999 1121 3049 de

212 3101 268 3142 w.
295 3100 315 3142 1·.
345 3092 456 3154 Ejururi
477 3090 623 3152 imparium.
673 3063 827 3114 Fundamus·
854 3131 859 3142 ,

180 3160 212 3211 Cf
233 3159 264 3209 ch
287 3166 315 3208 37
339 3163 422 3207 meg
706 3136 728 3177 7.
746 3130 885 3192 Improotso
901 3131 1026 3189 tumultu,
1045 3146 1120 3196 parce

214 3197 219 3209 '
267 3196 273 3208 ⁶
318 3194 324 3216 ’
426 3193 431 3206 ’
674 3193 1094 3262 qucl'attaquectaitinattenduc.

212 3250 235 3291 ²·
254 3239 383 3297 &liberer
401 3234 524 3287 ⁰⁰ntenis·
706 3268 728 3310 8.
748 3261 783 3311 Rc
797 3263 911 3324 trepido,
930 3260 1050 3312 situation
1068 3279 1122 3329 per-

213 3331 234 3373 3.
254 3318 498 3376 Milesurbuuua,les
510 3317 624 3367 cohortes
673 3327 756 3392 plexa,

180 3387 305 3438 urhaines·
706 3391 859 3442 &Gratilla
885 3392 923 3443 lut
950 3392 1032 3444 exilde
1063 3410 1121 3445 sous

213 3471 236 3515 4.
264 3460 482 3512 Germanicarum.
510 3456 624 3507 Vitellius
673 3455 806 3509 Domitien.
