2326 3922
182 239 241 302 110
401 253 544 299 ooaunnn
565 253 665 299 menn
686 251 899 298 msroamaum

180 387 320 446 cohortes
345 386 581 455 Germanorum,
611 386 703 443 cantu
730 385 812 444 truci
841 386 873 443 et
900 394 988 443 more¹
1013 384 1115 460 patrio

179 485 268 543 nudis
297 485 474 560 corporibus
502 501 594 560 snper
621 500 741 543 umeros
774 486 861 543 scuta
895 483 1112 558 quatientium.

179 582 381 657 Legionarins
402 580 515 657 pluteis
533 585 565 640 et
583 583 720 641 cratibus
737 584 839 641 tectus
857 583 978 641 subruit
993 600 1112 652 muros,

178 679 306 738 instruit
320 695 478 754 aggerem,
499 679 644 738 molitur³
659 683 784 756 portas:
806 682 913 740 contra
933 681 1115 756 praetoriani

177 778 342 853 dispositos
365 778 403 836 ad
429 778 460 836 id
485 778 585 854 ipsum
613 778 744 838 molares
769 780 888 856 ingenti
917 780 1051 855 pondere
1079 797 1114 838 ac

176 877 298 951 fragore
326 876 521 952 provolvunt.
553 878 632 935 Pars
661 877 856 937 subeuntium
885 878 1005 950 obruti3
1041 895 1114 954 pars

176 973 289 1032 confixi
303 976 334 1032 et
352 976 540 1050 exsangues⁴
555 977 610 1033 aut
623 974 734 1045 laceri,
752 993 820 1034 cum
834 979 961 1051 augeret
976 978 1113 1051 stragem

176 1072 361 1147 trepidatio⁵
389 1089 484 1146 eoque
508 1072 655 1131 acrius'e
683 1072 833 1132 moenibus
861 1074 1111 1143 vulnerarentur,

176 1168 294 1227 rediere
308 1167 440 1227 infracta
451 1169 586 1245 partium
597 1169 688 1232 fama.
699 1173 739 1230 Et
746 1171 868 1230 Caecina
878 1173 994 1248 pudore
1005 1176 1113 1249 coeptae

173 1269 288 1345 temere
299 1267 553 1342 oppugnationis,
567 1284 604 1325 ne
616 1268 726 1327 irrisus
736 1286 773 1327 ac
783 1287 882 1329 vanus
894 1271 989 1330 isdem
1001 1271 1113 1330 castris

174 1367 338 1434 assideret,
362 1364 492 1439 trajecto
513 1382 620 1424 rursus
641 1367 726 1424 Pado
741 1368 921 1426 Cremonam
941 1372 1047 1444 patara
1067 1371 1111 1428 in·

173 1465 283 1522 tendit.
315 1463 482 1523 Tradidere
497 1479 562 1522 sese
577 1465 703 1522 abeunti
718 1465 876 1525 Turullius
890 1466 1020 1526 Cerialis
1043 1485 1111 1526 cnm

173 1562 378 1637 compluribus
394 1560 531 1619 classicis
546 1564 577 1619 et
594 1561 695 1622 Julius
710 1562 907 1638 Briganticus
922 1582 990 1623 cum
1006 1566 1112 1640 paucis

172 1660 325 1735 equitum,
346 1660 396 1717 hic
416 1657 578 1734 praefectus
599 1660 670 1729 alae,
694 1660 726 1716 in
746 1660 876 1719 Batavis
895 1663 1034 1735 genitus,
1060 1663 1112 1721 illa

170 1759 391 1835 primipilaris6
406 1760 437 1816 et
457 1757 586 1816 Caecinae
604 1758 685 1816 haud
703 1756 834 1827 alienus,
862 1760 941 1834 quod
969 1759 1112 1820 ordines⁷

173 1857 206 1915 in
222 1857 388 1918 Germania
402 1856 542 1915 duxerat.
954 1858 957 1864 '

211 1991 263 2051 23.
288 1989 459 2067 Spurinna,
482 1990 635 2065 comperto
655 1987 766 2048 itinere
781 1990 934 2060 hostium,
956 1990 1111 2050 defensam

172 2088 381 2158 Placentiam,
413 2105 539 2164 quaeque
566 2088 637 2144 aeta
665 2089 697 2145 ct
725 2088 797 2163 quid
823 2089 943 2148 Caecina
967 2092 1108 2165 pararet,

170 2190 307 2249 Annium
326 2187 448 2249 Callum
476 2204 531 2262 per
555 2185 676 2243 litteras
697 2184 794 2244 docet.
823 2187 929 2246 Gallus
957 2187 1110 2262 legionem

170 2288 301 2364 primam
320 2288 352 2346 in
368 2285 518 2345 auxilium
533 2281 701 2343 Placentiae
715 2283 858 2355 ducebat,
876 2285 991 2344 diffisus
1006 2285 1108 2360 pauci-

169 2388 229 2445 tati
241 2384 426 2454 cohortium,
441 2384 497 2442 nel
512 2381 635 2456 longius
647 2381 798 2441 obsidium
813 2386 844 2442 et
853 2384 917 2442 vim
927 2385 1109 2469 *Cermanici

170 2485 324 2544 exercitus
356 2500 464 2559 parum
494 2481 673 2540 tolerarent.
712 2481 773 2540 Ubi
807 2481 928 2557 pulsum
955 2483 1109 2541 Caecinam

169 2600 296 2659 pergere
316 2583 496 2641 Cremonam
517 2578 652 2653 accepit,
673 2595 754 2654 aegra
773 2579 936 2638 coercitam
956 2579 1108 2654 legionem

169 2686 200 2741 et
222 2681 378 2759 pugnandi
399 2680 508 2738 ardore
528 2695 622 2754 usque
646 2678 685 2736 ad
711 2676 891 2736 seditionem
915 2693 1108 2752 progressam

169 2779 330 2839 Bedriaoi²
351 2779 444 2840 sistit.
475 2779 561 2837 Inter
585 2778 738 2838 Veronam
766 2779 1004 2853 Cremonamque
1029 2779 1108 2837 situs

168 2984 231 3024 nant
243 2975 301 3040 plus
313 2973 344 3024 de
354 2973 420 3024 force
433 2981 458 3023 ct
470 2973 501 3022 de
510 2973 614 3023 strete'd
663 2986 712 3021 une
719 2969 876 3038 brachylogie
885 2971 961 3037 (ugr.
968 2971 1000 3021 de
1006 2972 1034 3022 T.
1045 2972 1104 3038 183).

169 3037 333 3105 lcursconps.
662 3038 699 3087 On
723 3047 784 3101 peut
805 3037 992 3088 souacntendre
1010 3042 1107 3089 vestim

202 3114 224 3155 3.
244 3107 354 3164 Metitur,
374 3101 480 3154 cherche
496 3104 510 3151 d
523 3102 610 3154 forces.
680 3100 736 3151 u'on
747 3101 793 3151 tire
802 3102 833 3151 de
844 3102 944 3167 diffisus
954 3121 962 3150 ι
971 3113 1044 3168 ayant
1055 3120 1105 3169 peu

201 3180 224 3220 4.
236 3170 385 3232 Burungum,
397 3166 495 3234 dpuisds
503 3167 534 3216 de
542 3183 610 3233 sang.
661 3118 1105 3233 3econliancc-etcraignantque...

201 3243 224 3284 5.
246 3235 401 3297 Trepidatic,
419 3233 544 3283 descrdre.
660 3274 662 3278 Α
694 3240 716 3282 2.
734 3232 897 3292 Bedriacum,
909 3233 998 3308 village
1006 3249 1038 3282 au
1048 3250 1068 3284 s.
1079 3251 1104 3284 o.

201 3308 223 3350 6.
243 3300 462 3362 Principilurim.
473 3298 497 3356 l,
509 3304 609 3356 31,n.3.
660 3296 692 3346 de
703 3298 813 3355 Verane,
833 3314 876 3346 sur
902 3298 925 3346 la
942 3315 997 3347 nore
1014 3299 1106 3349 ‚Postu-

200 3373 222 3413 7.
243 3364 363 3423 Ordines,
382 3381 403 3412 v.
418 3363 442 3421 Ι,
456 3371 497 3421 31,
516 3372 574 3411 note
586 3364 608 3411 3.
660 3362 768 3421 micnne,
785 3371 813 3412 20
826 3366 841 3412 d
856 3371 884 3413 22
899 3363 980 3413 milles
997 3365 1105 3414 rumeins

202 3437 255 3480 n.
270 3438 290 3480 l.
301 3430 378 3480 Ne-
389 3429 535 3479 tolerarent.
547 3426 612 3478 G'est
661 3427 692 3477 de
704 3428 832 3479 Crc'monc.
