2346 3922
145 275 185 332 46
359 288 501 330 coaunnn
523 288 623 332 rnorrr
644 286 855 330 nrsroarnauru

144 420 253 478 Plures
267 438 358 495 quam
373 421 495 477 centum
509 419 623 494 viginti
637 417 775 477 libellos⁵
796 416 954 492 praemium
973 432 1078 490 expos-

142 519 277 576 centium
303 517 340 575 ob
359 517 494 595 aliquam
516 516 681 575 notabilem
700 516 755 573 illa
776 516 825 574 die
844 532 968 590 operam
982 514 1078 573 Vitel-

142 616 203 674 lius
227 618 333 691 postea
362 616 497 683 invenit,
530 632 693 689 omnesque
722 613 862 686 conquiri
890 614 922 669 et
946 611 1080 690 interfici

139 712 251 789 jussit,
286 730 347 771 non
379 713 487 770 honori
509 712 629 780 Galbae,
664 711 715 770 sed
744 711 859 769 tradito
888 709 1080 784 principibus

143 829 226 868 rnore
238 812 478 869 munimentum⁶
489 810 527 868 ad
542 827 686 886 praesens,
701 811 733 867 in
748 811 903 884 posterum
918 809 1075 868 ultionem.

184 920 235 978 45.
258 919 362 977 Alium
377 919 515 977 crederes
527 921 680 988 senatum,
697 919 792 976 alium
806 917 971 993 populum:
989 933 1079 974 ruere

143 1019 246 1076 cuncti
268 1020 300 1075 in
316 1021 432 1087 castra,
450 1019 569 1076 anteire
587 1019 759 1093 proximos,
781 1019 899 1075 certare
920 1033 988 1074 cum
1002 1031 1077 1088 prae-

143 1115 353 1183 currentibus
371 1117 530 1190 increpare
546 1115 689 1183 Galbam,
711 1114 837 1172 laudare
852 1113 985 1171 militum
995 1112 1077 1189 judi-

142 1213 237 1283 cium,
265 1214 454 1271 exosculari1
475 1213 604 1273 Othonis
619 1230 759 1283 manum;
790 1215 964 1286 quantoque
978 1209 1078 1283 magis

141 1309 220 1369 falsa
238 1315 327 1370 erant
346 1329 412 1386 quae
432 1312 562 1382 fiebant,
582 1315 670 1370 tanto
685 1311 774 1387 plura
798 1310 908 1371 facere.
940 1311 1006 1370 Nec
1030 1327 1083 1368 as-.

142 1412 331 1484 pernabatur
351 1412 487 1486 singulos
508 1412 602 1480 othe,
625 1413 749 1470 avidum
769 1414 800 1469 et
823 1412 973 1468 minacem
998 1410 1077 1467 mili-

142 1511 208 1566 tum
223 1511 359 1567 animum
380 1528 454 1568 voce
469 1505 616 1585 vultuque
633 1513 836 1585 temperans2.
862 1510 996 1568 Marium
1011 1509 1076 1567 Gel-

142 1623 219 1677 sum,
237 1608 390 1666 consulem
406 1610 599 1685 designatum
614 1614 644 1669 et
656 1610 760 1669 Galbae
771 1611 865 1685 usque
881 1609 913 1665 in
924 1611 1077 1666 extremas

140 1725 189 1766 res
215 1708 347 1765 amioum
366 1707 533 1782 fidumque,
561 1709 599 1766 ad
621 1709 800 1784 supplicium
824 1705 1074 1782 expostulabant,

141 1806 301 1864 industriae
318 1805 384 1881 ejus
399 1806 641 1882 innocentiaeque
662 1807 750 1881 quasi
764 1806 854 1864 malis
868 1805 1006 1863 artibus³
1030 1805 1075 1862 in-

140 1905 230 1963 fensi.
262 1905 359 1964 Caedis
379 1907 410 1963 et
430 1906 601 1979 praedarum
623 1905 747 1963 initium
772 1907 803 1962 ct
828 1904 942 1978 optimo
967 1904 1076 1977 cuique

140 2005 307 2079 perniciem
322 2006 418 2080 quaeri
439 2005 620 2080 apparebat,
645 2005 696 2062 sed
718 2004 831 2062 Othoni
853 2002 986 2060 nondum
1006 2019 1075 2058 auc-

140 2104 252 2161 toritas
281 2104 382 2162 inerat
407 2105 445 2162 ad
473 2104 694 2179 prohibendum
719 2103 837 2161 scelus:
860 2100 988 2176 jubere⁴
1008 2101 1074 2176 jam

141 2204 272 2276 poterat.
288 2203 355 2260 Ita⁵
368 2202 562 2260 simulatione
578 2203 632 2259 irae
643 2202 757 2260 vinciri
767 2199 887 2275 jussum
900 2202 930 2256 et
945 2198 1076 2274 majores

139 2317 245 2375 poenas
260 2301 421 2359 daturum⁶
440 2301 593 2359 affirmans
612 2301 756 2375 praesenti
771 2300 867 2357 exitio
886 2297 1051 2355 subtraxit.

180 2402 231 2461 46.
257 2403 366 2461 Omnia
384 2403 492 2461 deinde
512 2403 642 2462 arbitrio
664 2403 911 2480 militumacta:
935 2399 1074 2474 praetorii

171 2559 193 2600 5.
213 2552 329 2611 Libellos,
345 2556 468 2617 requetes.

171 2623 195 2666 6.
215 2618 438 2668 Munimentum-
452 2621 579 2668 ultionem.

140 2680 187 2730 Ces
199 2682 264 2730 deux
277 2683 407 2732 accusatifs
419 2694 548 2749 marqucnt
558 2685 581 2733 le

141 2744 199 2806 but,
217 2763 311 2796 comme
322 2750 424 2802 bonori.
444 2749 535 2814 auquel
551 2748 583 2799 ils

84 2864 87 2868 ⁴
140 2823 196 2861 sont
207 2816 313 2876 opposes
321 2829 366 2878 par
374 2817 432 2872 eed;
442 2815 472 2863 ils
484 2825 580 2864 senten

139 2877 279 2942 apposition
302 2882 316 2926 a
336 2880 360 2928 la
371 2881 524 2944 proposition
537 2881 580 2946 qui

139 2944 245 3007 precede
265 2943 296 3008 (v.
314 2960 350 3009 gr.
369 2945 401 2994 dc
421 2945 477 2996 Tac.
500 2948 578 3010 §15):

139 3024 188 3058 non
209 3025 252 3074 pas
276 3010 468 3074 p0u1··honorer
487 3011 578 3071 Galba,

139 3074 199 3122 mais
212 3090 276 3139 pour
287 3091 313 3123 sa
325 3091 415 3141 propre
425 3079 506 3125 strete*
518 3077 580 3126 dans

138 3140 161 3187 le
171 3143 284 3204 present,
297 3148 321 3188 et
332 3157 359 3189 sa
368 3156 506 3207 rengeance
519 3143 580 3192 dans

138 3203 246 3255 l'avenir.
270 3204 313 3255 S'il
325 3206 388 3255 avait
404 3207 428 3255 le
439 3212 517 3257 meme
530 3218 579 3257 sort

139 3284 187 3333 que
199 3271 291 3329 Galba,
306 3270 322 3319 il
333 3271 438 3336 espe'rait
449 3289 510 3337 que,
524 3289 580 3322 con-

138 3334 283 3384 sormtment
311 3340 325 3385 a
355 3338 486 3403 l’exemple
519 3338 579 3403 qu'il

137 3401 200 3449 avait
216 3401 312 3462 donne,
332 3418 377 3452 son
395 3420 538 3454 successeur·
555 3405 578 3455 le

135 3466 261 3532 rengerait
272 3466 347 3516 aussi.

170 3539 226 3582 ss.
255 3541 276 3584 1.
293 3533 443 3584 Eacaculari
465 3533 502 3583 dit
521 3536 578 3600 plus

631 2568 680 2667 que
703 2553 727 2602 le
750 2551 823 2601 verbe
846 2550 951 2615 simple:
976 2549 1073 2600 couvrir

649 2634 663 2667 c
675 2617 776 2668 baisers.

663 2708 685 2748 2.
705 2700 739 2748 Ge
751 2709 825 2764 part..
836 2698 879 2782 qui
889 2697 1029 2763 appartient
1041 2714 1073 2747 au

630 2769 731 2830 present
752 2775 777 2814 et
798 2768 813 2813 a
833 2763 988 2829 limparlait,
1013 2774 1073 2828 peut

630 2846 746 2895 marquer
773 2846 866 2880 comme
894 2828 991 2878 celui-ci
1024 2845 1073 2878 une
1098 2877 1100 2879 ,

630 2896 761 2945 tentative:
775 2895 909 2945 cherchant
923 2894 1070 2944 amodercr.

630 2963 657 3011 V.
672 2962 757 3011 Gantr.
774 2970 823 3011 135.

662 3052 684 3093 3.
709 3046 782 3094 Malis
801 3044 912 3102 ortibus,
937 3042 1072 3091 mauvaises

630 3109 749 3175 qualite's,
764 3110 835 3159 vices.

661 3200 683 3240 4.
703 3192 794 3242 lubere
806 3209 841 3241 sc.
852 3194 938 3241 scetus.

628 3323 644 3371 d
662 3265 683 3306 5.
703 3259 754 3315 lto,
766 3258 827 3306 dans
840 3258 927 3306 lesens
937 3257 968 3306 de
978 3260 1068 3322 itaque,

647 3339 702 3373 onc.

661 3413 683 3454 6.
704 3406 830 3454 Daturum
858 3422 892 3455 sc.
923 3422 979 3455 eum
1007 3421 1069 3464 esse,

628 3481 690 3520 mois
726 3469 800 3536 qu'on
823 3472 982 3521 sous-entend
1005 3472 1071 3522 aussi

628 3539 802 3599 avecjusaum.
