2346 3922
409 267 500 310 nmen
520 267 543 309 1.
567 267 633 310 oar.
659 250 792 310 44-46.
1022 249 1062 308 47

118 396 279 471 praefectos
298 398 358 456 sibi
383 399 443 475 ipsi
461 397 578 473 legere,
601 397 738 457 Plotidm
760 395 900 455 Firmum
925 413 942 453 e
964 395 1060 453 mani-

117 496 295 570 pularibus¹
321 499 488 572 quondam,
516 501 582 555 tum
606 496 775 572 vigilibus²
803 496 1001 570 praepositum
1030 496 1061 553 et

117 593 264 651 incolumi
286 596 385 653 adhuc
400 595 498 654 Galba
513 599 616 672 partes
632 597 762 656 Othonis
778 598 929 665 secutum;
953 594 1059 669 adjun-

117 691 203 763 gitur
220 691 361 749 Licinius
376 693 543 763 Proculus,
566 693 676 752 intima
694 693 908 750 familiaritate
929 692 1059 751 Othonis

118 792 276 863 suspectus
301 790 431 848 consilia
456 791 521 866 ejus
546 790 670 851 fovisse.
702 791 780 850 Urbi
802 789 946 848 Flavium
971 791 1058 849 Sabi-

119 888 207 944 num³
232 887 410 962 praefecere,
433 887 585 963 judicium
608 889 742 947 Neronis
772 889 885 957 secuti,
918 886 973 946 sub
999 905 1058 962 quo

117 987 364 1066 eandemcuram
379 988 569 1056 obtinuerat,
587 987 741 1062 plerisque
755 987 979 1062 Vespasianum
997 986 1057 1044 fra-

116 1084 195 1140 trem
216 1084 250 1140 in
265 1101 300 1142 eo
315 1084 580 1159 respicientibus⁴.
603 1082 795 1159 Flagitatum
810 1086 845 1142 ut
859 1083 1057 1141 vacationcs⁵

117 1183 260 1255 praestari
281 1182 512 1240 centurionibus
538 1181 637 1240 solitae
658 1181 904 1250 remitterentur;
927 1197 1058 1256 namque

116 1281 278 1353 gregarius
292 1280 380 1339 miles
391 1283 427 1339 ut
436 1281 587 1339 tributum
598 1297 734 1337 annuum
745 1279 925 1354 pendebat⁶.
940 1281 1057 1345 Quarta

116 1393 189 1452 pars
217 1378 367 1453 manipuli
397 1379 521 1454 sparsa⁷
550 1395 605 1453 per
633 1380 818 1435 commeatus
843 1379 899 1435 aut
923 1378 955 1435 in
981 1379 1057 1452 ipsis

116 1476 229 1539 castris
244 1493 338 1551 vaga,
362 1477 451 1534 dum8
476 1477 645 1535 mercedem
670 1476 844 1534 centurioni
863 1475 1053 1547 exsolveret,

116 1575 232 1648 neque⁹
253 1575 374 1632 modum
395 1575 528 1632 oneris¹⁰
549 1575 710 1649 quisquam
729 1592 827 1649 neque
842 1591 938 1649 genus
960 1592 1054 1649 quaes·

115 1673 198 1729 tus¹¹
227 1674 315 1748 pensi
343 1673 495 1732 habebat:
527 1690 582 1748 per
608 1673 774 1730 latrocinia
807 1680 838 1730 et
866 1676 973 1748 raptus
1001 1678 1056 1732 aut

115 1769 282 1828 servilibus
296 1771 477 1829 ministeriis
492 1770 627 1829 militare
642 1771 737 1828 otium
754 1771 955 1830 redimebant.
977 1772 1055 1829 Tum

114 1866 373 1941 locupletissimus
384 1867 608 1942 quisquemiles
615 1867 720 1925 labore
731 1884 767 1924 ac
782 1867 904 1925 saevitia
914 1867 1052 1941 fatigari,

115 1965 213 2027 donee
233 1966 424 2023 vacationem
450 1969 574 2024 emeret.
603 1966 664 2026 Ubi
690 1966 862 2040 sumptibus
887 1965 1054 2024 exhaustus

115 2064 256 2121 socordia
280 2066 406 2140 insuper
429 2064 624 2140 elanguerat,
653 2064 741 2139 inops
766 2082 820 2139 pro
846 2063 998 2138 locuplete
1023 2068 1055 2124 et

116 2162 201 2218 iners
226 2178 280 2236 pro
306 2165 430 2220 strenuo
456 2163 488 2220 in
513 2163 703 2239 manipulum
730 2164 865 2233 redibat;
887 2182 923 2221 ao
948 2181 1054 2223 rursus

114 2259 198 2317 alius
212 2264 303 2336 atque
318 2261 412 2330 alius,
436 2262 540 2320 eadem
554 2265 692 2338 egestate
706 2280 742 2319 ac
756 2262 883 2320 licentia
899 2263 1052 2337 corrupti,

115 2359 155 2414 ad
181 2359 348 2416 seditiones
376 2361 407 2416 et
431 2360 599 2423 discordias
624 2362 655 2417 et
679 2361 717 2417 ad
742 2365 912 2419 extremum
942 2361 1053 2419 bella¹²

115 2456 223 2514 civilia
238 2457 378 2518 ruebant.
393 2459 452 2517 Sed
473 2459 563 2527 Otho,
581 2474 619 2515 ne
634 2457 720 2532 vulgi
735 2458 902 2532 largitione
911 2459 933 2495 ¹³
951 2462 1052 2518 centu-

151 2581 205 2622 46.
225 2583 245 2624 1.
258 2576 287 2625 V.
301 2575 340 2625 ch.
355 2582 391 2633 25,
405 2584 462 2624 note
473 2584 496 2625 4.

151 2648 173 2689 a.
193 2642 221 2690 v.
235 2642 274 2690 ch.
289 2649 325 2699 ro,
339 2649 397 2689 nole
410 2649 445 2690 ra.

607 2571 674 2623 rions
683 2591 746 2640 pour
755 2574 898 2641 exemption
907 2575 938 2623 de
948 2574 1050 2626 service.

643 2647 665 2690 6.
684 2643 810 2691 Peudebut
833 2658 867 2691 sc.
892 2643 1052 2691 uacationem

150 2715 172 2756 3.
192 2708 226 2755 Le
235 2707 300 2757 frere
310 2709 366 2755 alne
376 2706 407 2754 de
414 2706 557 2771 Vespasien.

117 2773 151 2820 La
163 2771 332 2822 differoncede
340 2787 439 2820 surnom
448 2771 560 2836 provient

116 2838 148 2886 dc
160 2854 189 2887 ce
201 2853 263 2902 que,
277 2855 334 2887 sous
346 2835 469 2902 l'empire,
487 2838 511 2885 le
524 2853 560 2886 se-

116 2903 181 2952 cond
202 2906 240 2952 fils
256 2903 359 2967 ajoutait
373 2905 404 2951 au
417 2919 473 2951 nom
486 2902 517 2951 de
535 2904 559 2952 la

114 2985 173 3030 pens
182 2985 215 3017 un
223 2986 323 3018 surnom
332 2968 414 3032 darive
421 2968 455 3017 du
461 2984 518 3016 nom
528 2968 559 3017 de

116 3050 142 3082 sa
155 3037 220 3083 mere
234 3036 410 3098 (Vespasianus
426 3034 457 3082 de
472 3035 560 3096 Vespe-

115 3101 172 3163 sa'a),
183 3101 263 3149 landis
275 3116 324 3165 que
336 3099 409 3148 l'aiue
422 3098 559 3149 conservait

116 3165 139 3212 lc
156 3183 254 3216 surnom
264 3167 295 3215 dc
308 3183 351 3215 sou
362 3169 429 3230 pere.

147 3241 170 3279 4.
197 3233 399 3295 Respicientibus.
424 3230 557 3295 Vespasieu

116 3297 175 3345 e'tait
193 3302 207 3346 a
224 3299 248 3346 la
269 3303 318 3347 tete
339 3298 370 3346 de
387 3296 445 3346 trois
463 3296 557 3362 legions

115 3377 145 3409 en
158 3363 246 3413 Jude'c.

148 3438 171 3479 5.
193 3431 336 3480 locationes
348 3437 403 3476 sont
413 3427 444 3477 ici
457 3430 492 3478 les
500 3446 558 3492 prc-

114 3501 151 3549 lic
170 3499 330 3545 vocationum
349 3510 495 3553 munerum,
520 3496 557 3544 les

114 3578 220 3614 somnies
232 3560 307 3627 qu'on
319 3558 401 3627 payait
412 3576 461 3611 aux
473 3570 557 3612 centu-

607 2709 701 2769 pretio.

641 2779 664 2819 7.
683 2773 780 2835 Sparso
798 2789 832 2822 sc.
851 2780 906 2822 crat
922 2786 970 2834 per
990 2787 1053 2820 com-

608 2846 716 2897 meatur,
735 2854 766 2887 cn
778 2842 865 2904 congc'.

641 2909 663 2952 8.
682 2905 762 2962 Dura,
781 2920 876 2969 pourvu
889 2918 946 2967 quo.

641 2975 663 3016 9.
678 2971 760 3033 Neque
768 2999 801 3006 -
810 2973 948 3034 quicquum,
958 2967 984 3016 ni
996 2983 1052 3017 cen-

608 3034 690 3085 turion
703 3034 728 3083 ni
741 3035 914 3084 commendant
926 3049 956 3082 en
967 3033 1031 3083 chel.

642 3108 676 3149 10.
703 3101 799 3151 Oueria.
826 3102 949 3149 Personne
973 3116 1004 3148 ne
1024 3114 1051 3147 se

607 3165 712 3215 souciait
729 3167 773 3215 des
791 3166 882 3215 borncs
900 3169 914 3213 a
930 3174 1018 3214 mettre
1036 3168 1050 3212 a

606 3248 647 3280 ces
660 3232 770 3296 charges.
812 3270 816 3273 .

636 3306 676 3346 ·ll.
696 3297 777 3346 Genus
789 3305 907 3360 quaestus,
926 3298 1049 3345 caractere

606 3363 698 3412 odieux
710 3363 741 3412 de
754 3379 794 3412 ces
806 3362 901 3426 prolits.

640 3437 675 3478 12.
694 3430 778 3486 Bella,
792 3437 910 3477 sous-ent.
924 3429 966 3475 od.

640 3501 675 3544 13.
709 3496 794 3556 Vulpi,
827 3492 917 3558 genitis
935 3489 1045 3555 objectis.

605 3559 883 3625 tammdw
