2346 3922
186 274 226 332 22
401 287 544 331 coenam
565 288 664 331 sacrm
685 286 897 330 nrsroamaom

186 420 261 480 niet.
293 420 374 479 Nam
393 421 534 494 generari
549 422 581 478 et
595 419 680 477 nasci
699 417 922 493 aprincipibus
941 415 1119 490 fortuitum,

186 536 242 576 nec
257 518 339 577 ultra
354 519 562 577 aestimatur³:
584 517 749 592 adoptandi
765 515 934 591 judicium⁴
949 518 1120 592 integrum,

187 619 218 674 et
243 617 269 674 si
291 616 369 675 velis
394 618 522 692 eligere,
550 617 717 674 consensu⁵
741 617 941 675 monstratur.
973 616 1022 675 Sit
1049 619 1124 677 ante

186 712 289 771 oculos
314 714 412 783 Nero,
440 731 529 788 quem
553 712 645 787 longa
669 712 822 770 Caesarum
848 711 927 769 serie
951 714 1124 774 tumentem

186 828 246 868 non
262 811 383 870 Vindex
404 829 471 869 oum
497 811 607 869 inermi
633 810 794 885 provincia
818 813 872 868 ant
891 825 946 884 ego
965 829 1033 869 cum
1058 828 1123 871 una

185 908 320 982 legione,
348 909 399 967 sed
424 925 479 967 sua
504 909 694 976 immanitas
722 924 777 964 sua
800 906 925 964 luxuria
949 909 1123 969 cervicibus

185 1007 334 1082 publicis⁶
350 1006 548 1081 depulerunt:
567 1007 680 1080 neque⁷
690 1010 757 1065 erat
771 1007 869 1064 adhuc
884 1006 1021 1066 damnati
1037 1009 1122 1083 prin·

187 1105 264 1178 cipis
279 1103 461 1178 exemplum.
479 1103 544 1162 Nos
558 1103 638 1160 bello
653 1106 684 1161 et
699 1103 738 1160 ab
753 1103 995 1161 aestimantibus⁸
1010 1105 1123 1164 adsciti

187 1218 255 1259 cum
275 1201 394 1259 invidia
415 1200 555 1274 quamvis
582 1201 698 1274 egregii
719 1203 843 1263 erimus.
872 1200 920 1258 Ne
940 1203 1044 1260 tamen
1058 1206 1121 1262 ter·

184 1298 264 1357 ritus
283 1291 394 1368 fueris,
418 1299 444 1356 si
460 1299 545 1356 duae⁹
570 1297 706 1372 legiones
732 1300 764 1356 in
790 1300 847 1358 hoc
872 1301 1011 1359 concussi
1037 1302 1124 1367 orbis

184 1399 268 1455 motu
290 1398 422 1455 nondum
438 1396 615 1472 quiescunt;
643 1414 681 1454 ne
706 1396 771 1471 ipse
796 1398 918 1472 quidem
939 1397 977 1455 ad
997 1414 1122 1457 securas

185 1510 234 1550 res
246 1494 372 1563 accessi,
385 1496 417 1551 et
425 1495 447 1530 ¹⁰
458 1494 565 1551 audita
576 1493 739 1568 adoptione
755 1493 891 1552 desinam
902 1494 1002 1551 videri
1013 1512 1120 1565 senex,

184 1591 263 1664 quod
279 1608 359 1648 nuno
373 1591 448 1648 mihi
464 1608 557 1648 unum
573 1589 727 1665 objicitur.
756 1591 840 1650 Nero
861 1609 880 1648 a
900 1592 1032 1666 pessimo
1048 1611 1120 1668 quo-

96 1718 99 1723 ·
185 1703 243 1761 que
259 1704 377 1762 semper
391 1687 635 1745 desiderabitur:
659 1687 736 1744 mihi
757 1705 793 1745 ac
813 1688 873 1745 tibi
898 1689 1122 1763 providendum

151 1783 152 1787 ’
185 1787 232 1842 est
242 1801 281 1841 nc
295 1784 388 1842 etiam
403 1801 422 1841 a
436 1784 525 1841 bonis
536 1784 735 1845 desideretur.
754 1787 881 1845 Monere
895 1786 1011 1845 diutius
1023 1805 1121 1864 neque

183 1882 331 1957 temporis
352 1879 457 1956 hujus,
475 1883 506 1938 et
520 1880 679 1955 impletum
700 1883 777 1940 est¹¹
793 1900 882 1941 omne
897 1882 1075 1954 consilium,
1093 1885 1121 1944 si

184 1981 216 2037 te
230 1981 306 2038 benc
323 1979 413 2055 elegi.
438 1978 630 2038 Utilissimus
650 1979 731 2037 idem
751 1997 788 2038 ac
812 1981 1012 2040 brevissimus
1027 1984 1120 2042 bona-

184 2099 252 2139 rum
278 2081 487 2155 malarumque
514 2096 616 2138 rerum
644 2080 773 2140 dilectus
800 2085 847 2141 cst
874 2084 1012 2158 cogitare
1046 2085 1121 2159 quid

184 2182 238 2238 aut
256 2179 391 2237 volueris
412 2178 468 2236 sub
489 2177 550 2234 alio
571 2178 710 2253 principe
732 2182 786 2237 aut
811 2179 962 2249 nolueris;
991 2185 1121 2257 neque¹²

183 2279 266 2336 enim
281 2278 345 2346 hic,
369 2278 404 2334 ut
425 2277 568 2350 gentibus
589 2294 657 2350 quae
681 2279 890 2351 regnanturlss,
918 2282 1002 2337 certa
1024 2281 1119 2339 domi-

184 2395 292 2435 norum
321 2377 426 2434 domus
454 2377 486 2434 et
514 2375 609 2433 ceteri
638 2376 735 2444 servi,
771 2376 822 2433 sed
852 2376 1058 2451 imperaturus
1088 2397 1121 2438 es

183 2476 358 2533 hominibus
374 2475 427 2549 qui
443 2492 498 2531 nec
512 2477 609 2532 totam
624 2474 804 2533 servitutem
825 2474 892 2548 pati
913 2478 1042 2549 possunt
1063 2494 1120 2536 nec

184 2577 281 2632 totam
301 2572 487 2633 libertatem.
504 2592 521 2626 »
550 2573 590 2630 Et
606 2571 704 2632 Galba
724 2571 846 2646 quidem
871 2571 936 2629 haec
960 2589 996 2629 ac
1021 2573 1117 2645 talia,

218 2727 240 2769 3.
258 2719 308 2769 Nec
323 2721 394 2769 ullru
412 2720 559 2775 estimatur,
579 2725 631 2767 mot
674 2714 734 2765 cier.

185 2787 199 2833 d
222 2795 289 2833 mot:
312 2800 342 2832 au
364 2784 420 2832 dela
440 2799 472 2832 on
493 2782 630 2842 n'examine
706 2789 728 2830 9.
748 2783 871 2845 legiones.
889 2782 927 2831 Au
943 2782 983 2832 ch.
998 2791 1033 2841 18,
1048 2784 1065 2834 il
1078 2784 1119 2837 dc·

185 2848 422 2914 pas,c'est-t·di1·ela
430 2847 556 2898 naissancc
566 2847 631 2896 suffit
673 2847 742 2912 signo
754 2848 778 2896 le
788 2856 813 2895 4ο
825 2856 849 2896 et
861 2849 884 2896 la
896 2855 934 2898 22θ
945 2849 1006 2898 dans
1022 2850 1046 2900 la
1058 2853 1117 2902 Ger·

185 2931 250 2980 pour
261 2915 379 2964 succe'der
390 2930 421 2963 au
433 2918 513 2962 tione.
672 2912 754 2961 menie
766 2912 918 2977 supe'rieure.

218 2988 241 3029 4.
261 2980 405 3044 Adoptondi
420 2981 547 3042 judicium
570 2980 630 3027 inte·
708 2985 743 3026 10.
752 2977 793 3036 m,
802 2977 903 3028 maisv.
912 2995 948 3043 gr.
959 2978 989 3028 dc
997 2980 1054 3031 Tac.
1066 2991 1116 3036 111.

185 3061 272 3108 pluton,
290 3046 352 3094 dans
369 3043 502 3109 l'adoption
520 3044 544 3093 le
560 3042 630 3108 juge·
707 3051 742 3093 11.
762 3043 818 3091 lton
830 3043 876 3091 but
886 3053 924 3092 est
934 3044 1031 3105 atleint,
1044 3047 1064 3096 si
1073 3046 1118 3112 J'ai

187 3120 254 3159 ment
266 3121 303 3159 cst
314 3110 385 3160 libre.
674 3107 718 3157 fait
730 3124 760 3157 en
773 3107 807 3157 toi
821 3124 853 3156 un
871 3109 921 3157 bon
933 3109 1015 3158 choix.

219 3184 241 3226 5.
260 3175 390 3240 L'opinion
403 3172 525 3239 puhlique
537 3182 587 3222 sert
598 3173 630 3221 dc
707 3181 742 3222 12.
761 3174 850 3236 Neque.
861 3174 895 3221 La
904 3174 1020 3239 negation
1030 3176 1119 3231 allecte

187 3241 270 3306 guido.
673 3238 708 3286 les
717 3238 783 3287 deux
793 3238 959 3302 propositions
968 3240 1119 3307 principales

220 3314 242 3355 6.
261 3306 386 3364 Publicis,
399 3306 434 3354 du
449 3304 550 3369 public,
563 3303 594 3352 dc
606 3302 630 3351 la
673 3303 716 3367 qui
736 3314 779 3352 ont
801 3319 864 3366 pour
876 3302 960 3377 ‘sujets
982 3307 1070 3358 mucce
1093 3323 1118 3361 ct

186 3371 273 3438 patrie.
671 3372 746 3417 cervi.
764 3368 855 3416 Trad:
875 3369 892 3416 11
905 3367 960 3418 n'en
976 3380 1012 3419 est
1028 3389 1072 3436 pas
1085 3376 1117 3426 ici

219 3445 241 3485 7.
255 3438 345 3500 Neque,
359 3445 383 3486 ct
392 3435 540 3502 cependant.
550 3437 579 3486 V.
590 3451 627 3502 gr.
671 3449 766 3483 comme
782 3433 841 3482 cher
854 3434 890 3482 les
906 3435 1010 3499 peuples
1023 3442 1117 3492 soumis

176 3501 212 3549 de
225 3503 249 3549 Τ,
265 3510 317 3552 115,
671 3498 741 3548 ades
753 3497 811 3556 rois,
825 3501 888 3548 oia...

199 3573 222 3614 8.
241 3567 296 3617 Par
305 3583 372 3620 ceux
385 3567 432 3636 qui
443 3579 532 3623 serent
544 3568 633 3638 apprt-
708 3573 747 3617 13.
761 3565 795 3616 xl.
807 3580 845 3630 gr,
857 3563 999 3621 demas.
