2346 3922
317 199 408 244 crana
428 200 472 244 ιν.
497 203 562 245 cnr.
589 184 721 248 18—20.
940 183 1001 246 275

62 345 139 388 sane
160 329 335 400 aVitellio,
363 332 576 406 postulabant,
605 352 664 392 non
690 335 725 391 ut
753 334 998 408 assequerentur,

63 428 118 485 sed
139 430 280 487 causam⁵
306 429 460 491 seditioni.
479 435 518 492 Et
539 434 667 492 Flaccus
688 434 785 492 multa
810 432 1001 491 concedendo

63 524 144 584 nihil
159 526 243 585 aliud
257 526 400 587 effecerat
420 546 511 604 quam
532 533 566 588 ut
587 531 688 590 acrius
714 534 914 608 exposcerent
935 548 1001 606 quae

63 625 203 685 sciebant
228 628 421 700 negaturum.
453 628 563 703 Spreto
580 628 690 685 Flacco
710 628 906 686 inferiorem⁶
928 629 1014 686 Ger.

64 724 200 782 maniam
221 725 374 800 petivere,
396 727 430 783 ut
452 726 544 785 Civili
562 726 779 802 jungerentur.
808 725 1001 784 Hordeonius

64 824 214 882 adhibitis
240 825 375 883 tribunis
400 825 689 900 centurionibusque
715 823 902 882 consultavit
929 840 1001 880 num

64 921 243 996 obsequium
257 922 426 980 abnuentes
440 923 473 980 vi
489 926 658 992 coerceret;
676 941 747 981 mox
761 923 856 980 insita
876 922 1002 996 ignavia

63 1021 97 1076 et
110 1020 239 1096 trepidis
254 1020 435 1090 ministris⁷,
453 1039 528 1096 quos
548 1022 708 1096 ambiguus
730 1021 915 1079 auxiliorum
936 1021 1000 1078 ani-

64 1132 133 1174 mus
158 1118 189 1174 et
213 1118 314 1175 subito
340 1118 453 1177 dilectu
480 1119 626 1194 suppletae
651 1119 806 1193 legiones8
828 1120 999 1194 angebant,

64 1214 176 1273 statuit
187 1216 343 1276 continere
357 1216 440 1274 intra
451 1220 553 1275 castra
563 1217 703 1276 militem.
718 1216 796 1275 Dein
808 1218 999 1292 paenitentia,

62 1313 95 1369 et
109 1312 309 1386 arguentibus
331 1312 406 1389 ipsis
428 1315 480 1389 qui
503 1317 679 1384 suaserant,
704 1317 860 1389 tamquam
882 1317 1000 1373 secutu-

64 1411 138 1467 rus⁹
160 1411 285 1486 scripsit
305 1413 461 1470 Herennio
481 1413 586 1483 Gallo,
611 1413 741 1489 legionis
757 1414 864 1488 primae
882 1414 999 1488 legato,

64 1508 118 1582 qui
133 1509 271 1568 Bonnam
280 1511 303 1546 ¹⁰
319 1511 491 1581 obtinebat,
509 1515 544 1570 ut
558 1516 678 1571 arceret
697 1511 831 1571 transitu
848 1513 998 1581 Batavos;

63 1623 96 1663 se
115 1624 184 1664 cum
199 1608 335 1666 exercitu
358 1610 454 1683 tergis
480 1626 583 1667 eorum
609 1611 773 1668 haesurum.
806 1610 845 1667 Et
870 1608 1001 1684 opprimi

62 1706 222 1779 poterant,
259 1706 285 1764 si
314 1707 386 1764 hinc
416 1707 625 1776 Hordeonius,
657 1707 727 1766 inde
756 1707 878 1776 Gallus,
910 1707 1002 1764 motis

63 1803 219 1878 utrimque
244 1805 355 1879 copiis,
386 1805 502 1863 medios
528 1806 720 1866 clausissent.
749 1805 877 1863 Flaccus
899 1806 1003 1862 omisit

63 1899 220 1975 inceptum
240 1901 371 1976 aliisque
392 1901 506 1960 litteris
522 1903 643 1960 Gallum
664 1905 783 1962 monuit
808 1921 846 1962 ne
871 1906 1003 1962 terreret

62 1998 222 2056 abeuntes.
255 1998 343 2057 Unde
378 1999 510 2073 suspicio
536 2002 643 2074 sponte
672 1999 843 2074 legatorum
872 2001 1002 2058 excitari

63 2095 193 2165 bellum,
216 2099 384 2171 cunctaque
404 2114 470 2171 quae
495 2097 671 2156 acciderant
696 2100 749 2155 aut
774 2098 1000 2167 metuebantur,

63 2210 125 2250 non
141 2194 255 2253 inertia
270 2195 380 2252 militis
395 2212 492 2269 neque
507 2197 640 2254 hostium
655 2197 698 2265 vi,
713 2195 764 2253 sed
776 2195 882 2254 fraude
893 2196 1002 2254 ducum

38 2293 201 2352 evenire.

103 2397 154 2457 20.
179 2396 291 2456 Batavi
307 2416 375 2456 cum
390 2399 500 2457 castris
514 2398 726 2456 Bonnensibus
741 2398 998 2473 propinquarent,

61 2495 237 2570 praemisere
252 2496 304 2570 qui
324 2499 479 2554 Herennio
496 2496 583 2555 Gallo
598 2496 742 2556 mandata
757 2498 928 2555 cohortium
950 2516 999 2556 ex·

62 2595 211 2667 poneret:
230 2593 346 2652 nullum
366 2594 425 2653 sibi
444 2594 556 2652 bellum
578 2595 725 2653 adversus
749 2597 920 2666 Romanos,
944 2615 1000 2672 pro

62 2691 172 2766 quibus
190 2692 284 2750 toties
299 2692 496 2762 bellassent¹;
525 2693 617 2767 longa
637 2697 728 2767 atque
753 2695 863 2752 irrita²
887 2694 1001 2754 militia

95 2833 239 2884 accusem
254 2834 327 2910 (pour
343 2845 445 2910 trouver
457 2851 506 2884 une
557 2837 612 2883 vdes
628 2834 699 2884 laites
718 2834 767 2910 dle
780 2836 837 2884 hate
857 2852 1001 2912 pour-com-

61 2914 136 2949 cause
149 2899 180 2948 dc
196 2900 325 2966 sedition),
339 2901 459 2950 accusauf
475 2918 506 2949 cn
556 2901 636 2965 pleter
647 2902 682 2950 les
696 2903 790 2963 legions
808 2918 840 2950 ne
852 2902 907 2950 leur
923 2905 999 2969 inspi-

61 2964 203 3040 apposilion
217 2968 231 3013 d
246 2967 270 3014 la
277 2962 431 3031 proposition
441 2966 508 3032 prin·
556 2965 635 3014 taient
648 2982 691 3030 pas
703 2966 735 3014 de
746 2966 882 3016 confiance.
984 3033 989 3043 1

61 3031 152 3095 cipale.
162 3031 190 3080 V.
204 3047 241 3095 gr.
255 3031 286 3080 de
298 3033 355 3081 Tac.
371 3040 406 3081 15.
589 3038 611 3079 9.
634 3033 769 3094 Tamquam
789 3040 933 3090 secuturus,
957 3032 1000 3082 far-

96 3102 117 3143 6.
143 3097 301 3159 luseriorem.
333 3097 367 3145 La
390 3096 507 3162 province
557 3096 706 3146 santcroire
728 3096 787 3161 qu'il
808 3095 867 3145 e'rair
887 3098 1000 3147 resolui

61 3160 95 3209 de
107 3161 131 3208 la
140 3162 169 3211 G.
183 3159 317 3211 inic‘rieure
330 3165 431 3226 separes
440 3161 471 3210 de
483 3163 508 3210 la
557 3161 710 3225 peursuivre.
724 3163 752 3212 V.
761 3178 797 3227 gr.
809 3161 840 3210 dc
852 3163 909 3213 Tac.
920 3171 969 3212 130.

61 3227 92 3276 G.
101 3224 246 3300 superieure
255 3243 300 3291 par
307 3228 331 3275 la
340 3226 409 3276 Nahe
417 3227 508 3302 (Nova)
592 3234 627 3276 10.
647 3228 772 3284 Bonnam,
784 3225 834 3289 auj.
844 3227 923 3286 Bonn,
930 3239 1000 3277 entre

62 3307 140 3356 quise
144 3291 506 3357 JettedanslthindBmgen.
557 3293 667 3359 Gologne
679 3301 703 3341 st
715 3292 849 3341 Coblence.

97 3364 119 3404 7.
149 3357 284 3416 Menaeis,
320 3357 506 3416 subordonnes,
593 3365 646 3407 20.
666 3358 846 3415 1.Bellosseut,
862 3357 1002 3422 subjonctif

61 3419 169 3472 officiers
181 3421 213 3471 de
225 3431 279 3472 tout
291 3424 376 3487 grade.
558 3425 572 3472 d
584 3438 658 3472 cause
669 3422 703 3471 du
715 3422 826 3472 discours
839 3422 953 3473 indirect.

97 3495 120 3539 8.
138 3487 269 3543 Subita-
280 3490 392 3554 lepiones.
414 3489 460 3538 Les
477 3489 510 3540 le·
591 3496 614 3538 2.
632 3489 725 3550 Irrita,
739 3504 795 3539 sans
808 3487 890 3557 proiit.
