2346 3922
294 232 296 237 ·
331 222 421 264 mann
441 222 485 262 1v.
509 221 575 263 cur.
595 203 727 263 56-58.
938 203 999 263 315

65 348 195 426 Galbam
210 351 241 408 et
252 350 383 410 infracta
396 351 673 427 tributathostilcs
689 351 816 426 spiritus
831 350 995 410 induisset.

63 446 93 504 N
97 462 155 504 unc
170 448 285 518 hostes,
304 450 376 524 quia
394 450 484 508 molle
506 451 682 520 servitium
707 468 774 509 oum
789 450 912 526 spoliati
928 466 999 507 exu-

64 545 150 619 tique
178 545 309 616 fuerint,
336 550 449 607 amicos
477 550 552 608 fore.
591 550 664 608 Haec
693 549 836 607 ferociter
862 549 997 616 locutus,

63 646 226 720 postquam
254 649 391 722 perstare
413 647 444 704 in
465 640 592 722 perfidia
613 646 780 705 Classicum
795 646 999 719 Tutoremque

64 748 166 817 videt,
183 767 272 809 verso
294 752 405 809 itinere
425 751 603 811 Novaesium
617 750 774 818 concedit;
800 749 881 808 Galli
907 748 1000 806 duum

63 847 197 906 millium
228 850 327 924 spatio
355 849 540 908 distantibus
565 850 680 924 campis
711 849 884 906 consedere.
922 847 999 906 Illuc

63 948 298 1006 commeantium
338 949 550 1007 centurionum
587 947 779 1021 militumque
821 947 1000 1004 emebantur

63 1045 172 1113 animi,
186 1047 220 1102 ut
236 1046 396 1121 (flagitium
412 1046 610 1121 incognitum)
627 1046 783 1104 Romanus
798 1044 951 1103 exercitus
966 1044 997 1100 in

63 1143 193 1200 externa
212 1144 307 1201 verba
326 1144 470 1219 jurarent
488 1145 658 1219 pignusque
679 1144 759 1202 tanti
781 1142 904 1200 sceleris
925 1159 998 1199 nece

63 1242 120 1298 aut
139 1240 271 1299 vinculis
295 1241 466 1316 legatorum
491 1242 626 1299 daretur.
657 1240 788 1309 Vocula,
817 1257 998 1314 quamquam

62 1338 202 1414 plerique
222 1338 333 1414 fugam.
352 1340 535 1410 suadebant,
563 1340 735 1398 audendum
760 1341 861 1407 ratus,
889 1340 998 1395 vocata

62 1439 207 1495 contione
222 1438 255 1495 in
270 1438 350 1496 hunc
364 1440 485 1496 modum
500 1439 645 1496 disseruit
660 1461 665 1495 :

104 1539 155 1598 58.
180 1541 354 1615 Numquam
378 1541 457 1616 apud
483 1558 537 1598 vos
552 1541 647 1598 verba
671 1539 729 1597 feci
754 1542 808 1597 aut
832 1555 887 1612 pro
909 1536 998 1594 vobis

61 1636 226 1695 sollicitior
254 1640 309 1696 aut
333 1656 388 1714 pro
413 1657 461 1696 me
490 1639 636 1697 securior.
668 1638 748 1696 Nam
770 1637 845 1696 mihi
867 1636 997 1694 exitium

61 1736 168 1810 parari
194 1735 292 1800 libens
317 1737 424 1805 audio,
452 1740 657 1811 mortemque,
686 1738 718 1794 in
738 1738 786 1794 tot
806 1735 895 1793 malis
921 1733 997 1790 sola·

61 1835 161 1904 cium,
180 1838 214 1893 ut
230 1836 321 1894 finem
342 1836 535 1893 miseriarum
550 1837 693 1909 exspecto
706 1857 713 1904 ;
731 1835 828 1890 vestri
843 1850 890 1890 me
905 1831 998 1906 pudet

60 1934 263 2008 miseretque,
290 1935 437 1993 adversus
465 1951 540 2008 quos
568 1950 628 1989 non
656 1931 816 2007 proeliuml
852 1932 883 1987 et
917 1930 998 1987 acics

60 2035 228 2107 parantur;
257 2031 287 2089 id
303 2033 385 2089 enim
405 2031 450 2090 fas
472 2049 626 2089 armorum
648 2032 678 2089 et
699 2030 750 2106 jus
776 2029 908 2087 hostium
928 2029 995 2086 est:

60 2128 175 2187 bellum
192 2147 264 2187 cum
283 2129 393 2204 populo
408 2131 546 2188 Romano
561 2130 673 2187 vestris
689 2146 720 2187 se
736 2127 876 2185 manibus
897 2128 997 2199 gestu-

61 2243 131 2284 rum
156 2226 307 2286 Classicus
332 2228 436 2301 sperat
461 2226 682 2302 imperiumque
703 2229 734 2284 et
755 2225 998 2283 sacramentum²

62 2324 234 2384 Galliarum
253 2328 398 2383 ostentat.
422 2326 505 2383 Adeo
521 2342 589 2393 nos,
618 2326 644 2383 si
665 2324 789 2382 fortuna
815 2324 846 2380 in
865 2339 998 2398 praesens

60 2425 223 2500 virtusque
245 2426 395 2494 deseruit,
424 2426 517 2483 etiam
542 2427 649 2483 vetera
674 2424 813 2499 exempla
834 2422 995 2489 deficiunt,

61 2524 182 2597 quoties
210 2525 357 2582 Romanae
385 2522 523 2596 legiones
550 2523 651 2596 perire
677 2520 933 2596 praeoptaverint,
961 2535 998 2575 ne

59 2621 127 2679 loco
142 2621 348 2696 pellerentur?
364 2620 446 2679 Socii
463 2638 541 2695 saepe
557 2621 654 2678 nostri
670 2619 807 2677 exscindi
823 2618 913 2675 urbes
928 2633 998 2675 suas

60 2735 154 2793 seque
168 2736 236 2776 cum
252 2716 431 2792 conjugibus
453 2735 488 2774 ac
506 2716 612 2774 liberis
628 2717 757 2774 cremari
772 2714 995 2790 pertulerunu,

61 2833 160 2892 neque
170 2816 254 2874 aliud
265 2816 397 2892 pretium
413 2815 515 2873 exitus
530 2824 619 2890 quam
634 2815 708 2872 fides
724 2813 864 2886 famaque
885 2811 997 2870 ⁴.Tole·

93 2969 117 3010 8.
144 2962 259 3025 lusrocto
286 2959 391 3007 tributu.
427 2957 505 3007 Galba
588 2965 609 3006 2.
634 2957 825 3007 Sucromcutum
840 2956 996 3015 Galliarum,

60 3027 125 3076 avait
136 3025 180 3075 fait
192 3027 215 3074 ln
227 3024 315 3073 remise
330 3023 364 3072 du
377 3033 450 3088 quart
461 3024 505 3071 ‹lcs
554 3023 577 3072 lc
598 3033 705 3072 serment
724 3028 738 3072 a
759 3026 841 3088 preter
857 3025 871 3070 a
888 3021 998 3086 l'cmpire

59 3093 150 3143 tribuis
173 3107 221 3140 aux
250 3091 377 3154 Sequanos
405 3098 429 3138 et
456 3104 505 3137 anx
554 3088 708 3139 dcsGaules.

59 3159 169 3207 Educus.
186 3156 301 3215 V.l,5l.
588 3162 610 3203 3.
633 3157 810 3210 Patulcium,
840 3167 934 3200 comme
962 3153 998 3201 les

94 3231 117 3272 9.
136 3224 261 3279 lud-uisse,
278 3237 313 3270 sc.
330 3222 388 3269 illis.
553 3221 685 3286 Saguntins
703 3219 809 3284 assiegts
825 3232 870 3282 par
880 3216 996 3266 Annibal.

61 3291 63 3294 ’
95 3285 505 3350 60.1.Proeliomdilmoinsquc
586 3295 609 3334 4.
628 3288 701 3335 Fides
712 3288 830 3351 fumoque
846 3292 925 3332 estun
940 3281 998 3330 hen-

58 3357 143 3403 acics:
160 3352 270 3404 combats
286 3360 311 3402 et
326 3350 439 3401 butailles
452 3368 506 3401 ran·
554 3351 655 3416 dionys:
675 3353 698 3400 la
711 3349 789 3416 gloirc
804 3349 835 3400 de
853 3349 876 3398 lu
893 3347 995 3398 fidelia.

59 3423 127 3485 ge'es.
220 3417 222 3423 '
554 3418 582 3467 V.
596 3433 632 3482 gr.
644 3417 743 3467 deTac.
759 3422 808 3465 177.
