2346 3922
368 221 459 265 umus
479 221 526 264 11.
549 221 616 266 car.
639 202 772 265 59-61.
992 204 1054 267 227

113 356 361 432 assequerentur.
384 355 423 414 Et
437 354 521 414 locus
544 354 609 432 ipsc
623 355 792 414 castrorum
813 352 968 430 placebat,
991 352 1055 414 late

100 449 328 531 prospectans,
358 455 425 511 tuto
460 454 616 530 copiarum
648 455 793 530 aggestu,
828 451 1054 511 florentissimis

114 567 194 628 pone
213 553 335 626 tergum
360 551 551 627 municipiis;
579 551 670 611 simul
695 551 846 626 colloquia
866 568 934 609 cum
954 551 1052 611 Vitel-

102 626 208 708 lianis
237 650 340 708 decem
364 649 495 708 millium
523 650 623 728 spatio
648 649 834 721 distantibus
863 649 894 706 et
918 648 1053 724 proditio

116 748 308 824 sperabatur.
334 749 434 822 AEgre
456 748 486 806 id
511 750 577 824 pati
603 747 705 818 miles,
733 750 765 806 et
778 746 941 805 victoriam
961 747 1053 806 malle

116 863 206 922 quam
221 862 341 922 pacem,
359 863 397 904 ne
418 863 488 905 suas
503 846 625 922 quidem
645 846 781 922 legiones
801 845 1050 921 opperiebantur,

116 948 151 1002 ut
165 945 276 1020 praedae
291 947 400 1020 quam²
413 943 619 1020 periculorum
640 945 747 1003 socias.
774 944 906 1003 Vocatos
924 943 963 1001 ad
983 961 1052 1002 oon-

115 1045 232 1104 tionem
262 1045 415 1104 Antonius
446 1045 549 1103 docuit
577 1060 642 1102 esse
670 1043 769 1101 adhuc
796 1040 923 1101 Vitellio
951 1042 1049 1112 vires,

113 1144 273 1218 ambiguas
288 1143 314 1201 si
329 1143 552 1212 deliberarent,
570 1158 655 1200 acres
670 1141 696 1198 si
711 1140 934 1214 desperassent.
958 1140 1053 1199 Initia

112 1241 261 1301 bellorum
294 1243 432 1301 civilium
467 1241 598 1299 fortunae
632 1237 853 1314 permittenda,
890 1239 1053 1298 victoriam

114 1339 250 1398 consiliis
271 1342 302 1398 et
323 1340 442 1399 ratione
464 1339 582 1414 perfici.
609 1338 679 1398 Jam
699 1336 903 1397 Misenensem
925 1337 1053 1398 classem

115 1441 146 1497 et
162 1438 398 1514 pulcherrimam
414 1438 588 1514 Campaniae
603 1452 688 1494 oram
703 1435 883 1508 descivisse,
908 1454 963 1495 neo
984 1438 1052 1514 plus

116 1555 132 1594 e
160 1539 225 1594 toto
253 1525 408 1595 terrarum
433 1536 506 1594 orbe
531 1534 682 1609 reliquum
705 1534 832 1594 Vitellio
858 1552 949 1610 quam
973 1538 1053 1612 quod

116 1636 198 1694 inter
223 1635 423 1694 Tarracinam
448 1634 659 1707 Narniamque
684 1631 799 1708 jaceat.
831 1633 915 1692 Satis
947 1632 1053 1708 gloriae

94 1811 96 1814 .
116 1732 224 1808 proelio
236 1733 432 1792 Cremonensi
447 1734 583 1808 partum,
602 1732 633 1788 et
647 1731 742 1789 exitio
754 1733 911 1791 Cremonae
925 1732 1053 1790 nimium

116 1831 257 1900 invidiae;
296 1848 334 1889 ne
367 1830 615 1904 concupiscerent
648 1830 778 1888 Romam
813 1847 921 1907 capere
949 1831 1055 1908 potius

116 1945 205 2003 quam
225 1946 360 1987 servare.
388 1927 509 2004 Majora
530 1927 592 1987 illis
613 1928 754 2002 praemia,
772 1929 803 1986 et
833 1927 930 1986 multo
955 1929 1052 1988 maxi-

116 2045 197 2084 mum
232 2028 337 2097 decus,
380 2028 406 2087 si
442 2006 683 2085 incolumitatem
723 2026 843 2085 senatui
881 2028 1054 2103 populoque

114 2123 252 2182 Romano
281 2124 347 2183 siue
376 2124 524 2198 sanguine
553 2126 744 2200 quaesissent.
786 2125 844 2185 His
872 2141 909 2183 ac
938 2125 1053 2186 talibus

116 2221 252 2297 mitigati
271 2221 378 2282 animi.

157 2321 207 2379 61.
241 2319 308 2380 Nee
335 2321 430 2379 multo
458 2323 527 2397 post
554 2319 690 2395 legiones
714 2337 844 2390 venere,
878 2323 910 2380 et
933 2323 1053 2384 terrore

116 2417 368 2493 famaque1aucti
383 2419 537 2477 exercitus
551 2419 726 2479 Vitellianae
737 2419 877 2478 cohortes
888 2422 1050 2494 nutabant,

116 2514 200 2573 nullo
226 2516 259 2573 in
283 2516 396 2574 bellum
417 2517 615 2586 adhortante,
634 2517 740 2575 multis
760 2517 798 2575 ad
819 2519 1050 2592 transitionem,

117 2615 169 2690 qui
183 2631 253 2673 suas
268 2615 423 2674 centurias
437 2617 614 2691 turmasque
625 2616 758 2686 tradere,
773 2617 883 2675 donum
898 2618 1011 2678 victori
1022 2622 1054 2679 et

116 2713 176 2771 sibi
197 2714 230 2770 in
244 2716 399 2789 posterum
420 2716 586 2788 gratiam2,
610 2715 781 2775 certabant.
799 2717 932 2777 Peneos
951 2718 1052 2793 cogni-

115 2812 488 2871 11111111111111111113
509 2816 657 2890 proximis
679 2818 794 2893 campis
815 2818 958 2895 praesidio
980 2837 1052 2895 qua·

150 2968 172 3010 2.
192 2960 274 3021 Quom
291 2983 325 3003 =
334 2964 417 3024 potius
429 2976 513 3026 quom.
532 2964 560 3013 V.
611 2964 685 3016 sitien
698 2967 741 3017 des
753 2967 883 3017 accusatifs
895 2969 1051 3034 precedens,

117 3042 155 3092 gr.
169 3025 201 3074 de
212 3027 281 3084 Tac,
303 3033 344 3076 163
609 3035 719 3094 qratiam
731 3033 784 3082 doit
795 3032 947 3098 s‘expliquer
958 3050 1053 3085 commo

151 3099 206 3140 01.
221 3099 241 3141 1.
257 3092 362 3141 Terrore
369 3092 563 3160 fumoqueuucti
611 3096 646 3145 les
667 3113 718 3146 acc.
743 3101 1052 3150 munimentum-altio-

116 3161 251 3216 ccercitus,
278 3157 303 3206 la
326 3167 421 3207 terreur
446 3160 562 3235 produite
611 3177 665 3211 nem
682 3178 714 3211 au
726 3163 765 3212 ch.
779 3171 807 3213 44
820 3163 853 3212 du
865 3163 966 3225 livrel,
982 3182 1008 3216 n.
1027 3173 1050 3214 s.

117 3223 562 3288 parlanouvelledel'accioisscment
610 3226 648 3276 Cf.
669 3244 706 3293 gr.
728 3229 759 3278 de
771 3230 828 3279 Tac.
844 3237 870 3279 15
884 3246 890 3274 τ
908 3246 1002 3280 comme
1018 3248 1052 3280 un

118 3288 149 3336 dc
164 3287 271 3338 l'armce.
284 3287 349 3338 G'est
361 3306 394 3337 uu
413 3291 558 3358 hendiadys.
609 3295 709 3356 present
720 3310 752 3343 au
764 3295 901 3359 vaiuqueur
912 3305 937 3344 et
949 3312 1017 3359 pour
1028 3312 1054 3346 ac

117 3353 146 3404 V.
160 3370 197 3420 gr.
212 3355 411 3414 deTac.,§177.
607 3374 733 3420 procurer
746 3376 773 3410 sa
792 3360 972 3412 bienveillance
992 3359 1053 3411 dans

145 3420 560 3483 2.Domcm-qrotiom.Sidonum
608 3422 718 3473 lavania

119 3495 180 3550 peut
192 3490 243 3538 erre
260 3485 363 3553 regarde'
380 3502 474 3537 comme
486 3503 561 3557 appo
642 3497 664 3544 3.
682 3491 828 3543 lateremus
839 3489 897 3561 (cuj.
912 3491 1007 3560 Tarni),
1020 3507 1052 3544 au
