2346 3922
119 241 160 300 80
338 256 482 298 CORNELII
503 255 603 298 TACITI
623 255 836 300 HISTORIARUM

119 390 200 466 gulis
235 391 387 449 militibus
422 392 676 449 numerarentur:
708 394 792 451 tum⁹
821 392 900 451 Otho
933 391 1055 466 ingredi

120 492 222 548 castra
250 506 353 551 ausus.
395 491 496 565 Atque
528 490 616 548 illum
648 488 767 548 tribuni
801 488 1055 562 centurionesque

118 587 362 656 circumsistunt,
380 586 509 661 abjectis
530 586 650 644 militiae
676 585 881 659 insignibus¹⁰
902 584 999 642 otium
1023 586 1056 641 et

119 683 249 742 salutem
269 685 457 760 flagitantes.
482 685 586 743 Sensit
606 683 786 742 invidiam11
807 682 895 740 miles
920 684 951 740 et
975 699 1054 739 eom-

118 783 237 858 positus
245 784 269 821 ¹²
290 784 322 841 in
343 783 522 857 obsequium
542 784 682 841 auctores
703 781 862 840 seditionis
881 780 919 838 ad
940 778 1054 855 suppli-

117 881 199 938 cium
213 881 294 940 ultro
303 883 326 919 ¹³
339 881 526 957 postulabat.

159 989 209 1048 83.
235 987 332 1056 Otho,
360 988 561 1063 quamquam¹
586 987 718 1045 turbidis
744 987 835 1044 rebus
866 989 897 1044 et
921 987 1055 1045 diversis

117 1084 250 1142 militum
265 1084 395 1165 animis,
411 1101 479 1141 cum
494 1084 627 1159 optimus
642 1084 770 1158 quisque
790 1083 956 1142 remedium
977 1101 1053 1158 prae-

118 1182 214 1240 sentis
228 1181 362 1240 licentiae
377 1183 530 1256 posceret,
544 1179 674 1255 vulgus²
689 1183 720 1239 et
734 1179 837 1255 plures
852 1180 1054 1239 seditionibus

117 1282 148 1339 et
159 1281 342 1339 ambitioso³
357 1280 485 1356 imperio
501 1279 565 1338 laeti
579 1297 635 1355 per
647 1280 754 1338 turbas
766 1282 797 1338 et
810 1281 917 1355 raptus
931 1280 1055 1339 facilius

116 1379 155 1436 ad
180 1378 272 1437 civile
297 1378 411 1437 bellum
436 1378 677 1461 impellerentur,
708 1377 799 1435 simul
824 1381 970 1453 reputans
991 1396 1053 1436 non

116 1494 204 1552 posse
229 1477 436 1552 principatum
459 1475 572 1534 scelere
591 1476 752 1550 quaesitum
777 1476 880 1534 subita
904 1477 1054 1535 modestia

116 1577 148 1632 et
166 1575 268 1650 prisca
293 1576 449 1651 gravitate
475 1574 619 1642 retineri,
648 1575 698 1632 sed
718 1574 895 1634 discrimine
907 1570 1001 1634 ‘urbis
1022 1581 1054 1635 et

116 1672 252 1747 periculo
289 1676 412 1731 senatus
447 1672 573 1740 anxius,
615 1675 768 1746 postremo
803 1673 848 1731 ita
883 1674 1050 1733 disseruit:

116 1770 258 1845 «Neque
278 1771 312 1828 ut
332 1770 459 1829 affectus
473 1773 594 1830 vestros
614 1772 646 1829 in
666 1788 800 1830 amorem
828 1773 888 1831 mei
908 1764 1076 1832 accende?

115 1884 196 1936 rem,
224 1868 461 1937 commilitones,
490 1887 588 1944 neque
616 1872 651 1928 ut
679 1871 815 1929 animum
839 1873 877 1930 sd
903 1873 1052 1932 virtutem

116 1965 295 2025 cohortarer
324 1967 464 2043 (utraque
492 1968 574 2026 enim
603 1967 725 2042 egregie
754 1970 963 2045 supersuut⁴)‚
998 1973 1052 2030 sed

114 2064 187 2122 veni
205 2064 415 2140 postulaturus
435 2066 556 2124 avobis
574 2067 848 2141 temperamentum
866 2071 977 2126 vestrae
990 2054 1051 2128 for-

114 2162 258 2221 titudinis
292 2165 323 2221 et
358 2180 432 2238 erga
467 2181 515 2222 me
549 2164 671 2222 modum
702 2165 853 2224 caritatis.
889 2167 1052 2226 Tumultus

113 2261 247 2335 proximi
267 2261 408 2319 initium⁵
430 2279 489 2320 non
509 2261 678 2337 eupiditate
692 2261 743 2320 vel
754 2263 839 2333 odio,
857 2281 924 2338 quae
938 2264 1052 2324 multos

113 2360 267 2418 exercitus
297 2361 329 2418 in
358 2360 543 2419 discordiam
570 2376 674 2434 egere,
702 2377 738 2418 ac
763 2378 800 2419 ne
829 2363 1051 2423 detrectatione

75 2481 79 2488 ·
113 2459 234 2534 quidem
245 2461 300 2518 aut
313 2458 476 2518 formidine
490 2459 715 2535 periculorum:
729 2459 825 2519 nimia
835 2463 934 2537 pietas
945 2467 1051 2524 vestra

145 2632 167 2676 9.
184 2625 258 2683 Tum,
270 2623 329 2674 c'est
337 2625 401 2674 alors
409 2626 554 2676 seulement.

146 2699 181 2739 10.
193 2691 341 2754 lusionibus,
353 2691 389 2740 les
401 2690 511 2756 insignes
523 2690 555 2740 de

112 2756 168 2805 leur
196 2755 297 2806 service.
338 2757 385 2805 Les
413 2755 555 2806 centurions

112 2820 210 2870 avaient
221 2823 244 2871 le
257 2831 363 2870 sarment
375 2821 407 2870 de
420 2821 504 2885 vigne;
518 2822 554 2870 les

112 2886 209 2936 tribuns
221 2885 344 2952 portsient
354 2887 377 2935 la
387 2885 491 2951 tunique
500 2889 555 2936 icti-

112 2953 195 3001 ctuoiu
211 2968 243 3001 ou
255 2954 438 3016 enpusticicvia
455 2961 480 3002 et
497 2952 555 3001 l'an·

113 3016 250 3066 neaud'or.

146 3090 182 3131 11.
201 3083 340 3140 Invidiam,
359 3079 468 3130 l'odieux
480 3081 511 3130 de
527 3097 554 3130 ss

112 3146 238 3197 condnite.
258 3146 296 3197 cf.
311 3148 368 3222 Agr.
382 3154 424 3195 42:
444 3146 555 3211 beneficii

110 3214 223 3268 invidio,
243 3228 272 3261 oe
291 3212 351 3276 quil
371 3228 386 3277 y
406 3226 420 3260 a
438 3211 555 3261 d'odieux

111 3277 173 3327 dans
185 3286 249 3327 cette
263 3276 355 3326 favour.

146 3351 181 3391 12.
211 3343 364 3404 Compositus
395 3341 507 3405 (dispose'
540 3344 555 3390 d

111 3406 280 3470 l'obeissance)
297 3405 358 3456 n'cst
373 3422 416 3470 pas
435 3408 458 3455 la
476 3410 555 3468 meme

112 3474 186 3524 chose
199 3488 248 3540 que
260 3474 387 3536 compositi
399 3488 430 3522 su
443 3471 482 3521 ch.
500 3479 537 3522 85.

640 2633 675 2674 13.
697 2625 779 2684 Ultro,
795 2643 817 2675 v.
832 2627 871 2677 oh.
886 2636 908 2687 7,
922 2639 980 2679 note
992 2639 1013 2679 7.

640 2697 694 2740 8³.
708 2699 729 2740 1.
739 2692 904 2755 Quamquam,
914 2710 972 2744 avec
979 2695 1047 2746 l'abl.

605 2754 706 2813 absolu,
717 2766 754 2805 cst
766 2758 925 2821 postsrieura
935 2760 1047 2813 Ciceron.
1069 2767 1073 2774 '

604 2822 633 2869 V.
647 2821 743 2878 Genti„
756 2828 768 2880 ἓ
781 2830 834 2880 174,
848 2831 875 2882 2,
888 2841 948 2874 rem.

637 2893 659 2934 2.
682 2889 772 2950 Vuiyus
783 2895 806 2937 et
815 2891 917 2950 plures-
928 2899 997 2940 etesi
1009 2910 1050 2942 ex·

604 2950 702 3016 plicatis
711 2956 742 3011 (v.
756 2969 792 3018 gr.
802 2953 867 3002 deT.
883 2956 947 3020 110):
962 2959 986 3006 le
998 2961 1049 3007 vul-

604 3016 843 3081 gaire,c'cst-d-di1·e
857 3020 881 3069 le
899 3022 956 3086 plus
969 3025 1048 3088 grand

606 3083 718 3133 nombre.

638 3155 660 3198 3.
679 3149 876 3199 Gousernement
890 3153 933 3217 qui
953 3154 1049 3205 recher-

605 3211 651 3261 che
668 3214 691 3262 la
706 3215 854 3278 populariis.

637 3286 660 3326 4.
674 3279 822 3341 Supersunt.
838 3280 875 3331 Cf.
889 3282 929 3330 ch.
940 3291 977 3342 51,
989 3301 1013 3334 n.
1024 3294 1046 3334 7.

639 3351 661 3392 5.
681 3344 791 3403 Initium,
803 3344 867 3408 sujct
876 3347 907 3396 de
919 3357 1003 3399 ortum
1013 3360 1048 3401 cst

607 3410 792 3458 sous-entendu.
812 3412 858 3460 Les
870 3412 920 3463 abl.
938 3415 982 3478 qui
999 3417 1048 3465 sui·

606 3484 662 3522 vent
674 3484 729 3524 sont
741 3475 784 3525 dos
796 3475 846 3525 abl.
860 3477 891 3526 de
903 3495 984 3530 cause.
