2346 3922
393 230 483 294 arasa
504 230 526 274 1.
551 231 617 276 cur.
640 212 775 274 22—25.
1021 213 1062 273 29

79 385 84 393 ·
117 359 202 419 soliti
227 363 412 438 Pyrenaeum
433 362 464 422 e't
487 360 580 439 Alpes
606 365 638 421 et
651 361 800 421 immensa
822 361 945 421 viarum
960 361 1062 438 spatia

115 476 200 533 aegre
217 460 274 518 sub
293 460 388 519 armis
406 461 597 520 eniterentur
611 463 632 523 ⁹.

157 559 210 619 24.
235 546 456 636 Flagrantibus
475 560 542 635 jam
569 560 703 620 militum
728 560 841 619 animis
866 561 953 619 velut
977 559 1061 619 faces

117 656 280 716 addiderat
304 653 435 716 Maevius
461 659 599 726 Pudens,
623 676 639 716 e
660 658 810 733 proximis
834 659 1010 734 Tigellinil.
1029 661 1060 718 Is

116 755 353 814 mobilissimum
373 774 521 832 quemque
541 756 665 832 ingenio
687 759 742 815 aut
762 757 900 832 pecuniae
922 758 1060 832 indigum

116 854 201 912 etin
220 869 317 912 novas
338 855 522 930 cupiditates
542 855 731 931 praeeipitem
750 855 913 913 alliciendo
934 874 969 914 eo
987 873 1059 930 pau-

115 951 207 1008 latim
225 948 408 1026 'progressus
425 955 472 1011 est
490 955 525 1010 ut
535 970 590 1027 per
609 953 740 1028 speciem
756 953 893 1010 convivii
901 955 923 1023 ²,
941 954 1061 1028 quoties

113 1047 218 1107 Galba
256 1049 337 1127 apud
369 1050 519 1109 Othonem
550 1051 738 1127 epularetur,
765 1051 884 1109 cohorti
914 1052 1059 1109 excubias

115 1147 225 1221 agenti
252 1147 374 1205 viritim
404 1150 548 1207 centenos
580 1149 737 1230 nummqs³
766 1149 936 1218 divideret;
969 1167 1060 1224 quam

116 1246 204 1304 velut
229 1246 383 1321 publicam
406 1247 708 1327 largitionem‘Otho
734 1249 953 1306 secretioribus
977 1251 1059 1325 apud

116 1344 256 1420 singulos
271 1345 406 1420 praemiis
419 1346 609 1416 intendebat,
626 1347 700 1404 adeo
718 1347 874 1405 animosus
886 1352 1058 1422 corruptor,

116 1445 152 1499 ut
169 1443 295 1500 Cocceio
316 1444 447 1502 Proculo
467 1444 681 1520 speculatori⁴,
704 1445 740 1502 de
760 1447 847 1519 parte
868 1444 975 1502 finium
991 1463 1061 1503 cum

115 1541 222 1606 vicino
236 1541 417 1616 ambigenti,
434 1544 612 1602 uuiversum
626 1541 722 1601 vicini
737 1558 845 1616 agrum
860 1559 916 1600 sua
931 1543 1060 1617 pecunia

112 1641 254 1714 emptum
273 1639 352 1698 dono
370 1641 503 1711 dederit,
525 1644 599 1718 per⁵
617 1641 786 1700 socordiam
801 1639 953 1715 praefecti,
970 1658 1059 1716 quem

115 1741 192 1795 nota
206 1738 327 1813 pariter
340 1742 371 1798 et
386 1740 506 1799 occulta
520 1740 681 1800 fallebant.

158 1836 210 1896 25.
236 1836 295 1895 Sed
320 1840 386 1895 tum
411 1856 427 1895 e
452 1838 573 1896 libertis
598 1837 797 1897 Onomastum
821 1834 924 1894 futuro
950 1837 1058 1896 sceleri

115 1932 270 2008 praefecit,
294 1951 313 1992 a
334 1953 392 2009 quo
408 1937 556 1996 Barbium
574 1934 740 1995 Proculum
759 1934 976 1992 tesserarium¹
993 1953 1058 2011 spe-

150 2085 173 2126 9.
191 2078 364 2139 Enitereutur,
394 2095 452 2128 avec
479 2079 560 2137 l'aee.,

349 2144 354 2155 υ
610 2079 1058 2158 plussortequecellaquelesriches

116 2141 214 2208 d'apres
240 2144 371 2209 l'aualogle
399 2144 559 2195 descendere.

609 2147 1058 2210 patronse'tarenthabituesadcuner

116 2209 152 2258 Ce
161 2226 183 2256 v.
193 2209 308 2259 convient
317 2213 331 2258 d
340 2210 421 2272 Alpes,
432 2210 561 2275 beaucoup

116 2273 197 2323 meins
213 2278 227 2322 a
242 2278 341 2339 cpolim·
357 2275 374 2324 il
391 2293 406 2341 y
422 2291 436 2324 a
451 2275 516 2324 donc
529 2275 560 2325 ici

116 2356 152 2387 un
164 2355 275 2406 zeugma.
288 2341 317 2390 V.
331 2356 367 2405 gr.
381 2341 413 2389 de
424 2341 452 2390 T.
467 2348 517 2390 176.

153 2412 205 2452 u.
226 2415 246 2454 1.
266 2404 416 2470 Tigellinus,
436 2404 512 2455 favori
527 2405 559 2454 dc

115 2470 212 2526 Neron,
223 2470 267 2545 qui
279 2469 360 2519 l'avait
371 2473 467 2520 nomme
479 2470 559 2536 prefer

114 2535 284 2598 depretiem,
304 2534 342 2584 sut
362 2536 428 2585 force
445 2552 490 2600 par
514 2551 559 2584 sou

114 2600 229 2665 collegae
238 2600 400 2666 Nymphidius
417 2601 449 2650 de
468 2616 567 2651 renen-⁴

115 2681 159 2714 eer
170 2669 183 2713 a
195 2675 260 2715 cette
271 2666 365 2731 dignite'
379 2670 450 2731 apres
463 2667 486 2715 ia
498 2677 562 2716 mort

115 2730 148 2779 de
161 2729 315 2795 i'enipercur.

150 2803 171 2844 2.
196 2796 247 2845 Per
256 2799 361 2860 spectem
376 2798 491 2855 convivit,
503 2812 560 2845 sous

115 2863 228 2925 pretexte
251 2861 283 2911 de
305 2877 390 2926 repas,
414 2860 560 2911 cest-adire

114 2930 291 2989 sportularum
302 2929 374 2975 tituto
382 2928 403 2990 (J
406 2936 460 2976 uste
466 2927 558 2992 Lipse),

115 3009 174 3040 sous
186 2992 264 3041 forme
280 2992 311 3041 de
329 2991 492 3057 gratification
504 2993 558 3042 des·

115 3056 182 3106 tinae
202 3062 216 3106 a
236 3058 273 3106 les
290 3057 396 3107 nourrir.
415 3058 505 3115 Othon,
524 3074 560 3107 rc-

115 3122 220 3187 gardaut
246 3122 283 3171 les'
309 3122 445 3187 preteriens
465 3138 560 3172 comme

113 3203 153 3237 ses
166 3187 237 3236 botes
254 3204 287 3237 ou
303 3204 342 3237 ses
360 3187 463 3246 cliente,
479 3187 560 3236 iaisait

113 3253 212 3302 donner
234 3256 248 3301 a
271 3253 375 3312 chacun,
400 3269 431 3302 au
452 3252 501 3302 lieu
524 3254 559 3302 du

114 3333 200 3382 repas,
224 3333 276 3368 une
297 3317 361 3368 forte
384 3335 476 3368 somme
498 3318 560 3368 d'ar-

132 3394 183 3433 eni.

115 3400 131 3449 g
149 3457 172 3500 3.
190 3447 278 3500 C'etait
293 3465 342 3500 une
354 3465 445 3505 somme
457 3448 501 3511 diuv
513 3448 559 3499 luis

610 2214 625 2259 ai
641 2212 706 2261 leurs
730 2213 817 2264 clients
836 2230 894 2262 sous
914 2215 936 2263 le
955 2230 1012 2263 nom
1025 2216 1057 2264 de

610 2278 729 2340 sportuie.
747 2279 867 2329 Nummos
882 2290 919 2327 est
935 2279 959 2327 la
977 2284 1056 2330 meme

609 2342 688 2456 cause²
706 2360 755 2408 que
776 2347 907 2393 sestertios.
921 2345 950 2394 V.
969 2346 1054 2396 Gantr.

611 2415 621 2456 1
654 2443 660 2465 ,
692 2446 696 2456 .

640 2489 665 2538 4.
684 2490 849 2553 speculatori.
876 2491 922 2539 Les
945 2491 1055 2554 specule-

608 2561 677 2604 teurs
698 2556 790 2605 etaient
814 2565 972 2620 proprement
993 2573 1056 2606 ceux

609 2620 651 2684 qui
659 2621 780 2670 servaient
789 2620 947 2670 d'eelaireurs
954 2637 985 2670 en
993 2638 1056 2672 earn-

628 2701 691 2750 agne
700 2705 706 2745 ;
721 2685 750 2735 ils
760 2685 852 2735 etaient
860 2685 925 2734 aussi
936 2688 1056 2751 quelque-

610 2701 657 2799 iois
675 2752 799 2817 employes
811 2767 905 2800 comme
923 2752 1053 2804 dourriers.

609 2816 675 2865 Dans
684 2826 754 2865 notre
766 2831 877 2880 passage,
892 2832 920 2865 ce
936 2827 986 2866 mot
998 2834 1012 2866 a
1022 2836 1055 2867 un

609 2880 1055 2956 sensspecial;iis'agitd'unetroupe

610 2946 692 2996 d’elite
707 2947 751 2995 des
764 2949 914 3011 preteriens,
933 2947 976 3060 ‹Lui
997 2949 1056 2998 erait

609 3011 836 3077 particulierement
874 3014 985 3062 attacta
1024 3030 1056 3063 au

608 3077 700 3126 servies
712 3077 743 3126 de
755 3078 909 3141 l'empereur.

642 3166 663 3207 5.
691 3158 750 3207 Per.
773 3158 832 3207 Cela
855 3172 886 3205 ue
908 3158 1008 3222 pourait
1029 3175 1054 3208 se

609 3222 670 3271 faire
683 3239 731 3287 que
742 3239 793 3286 pur
807 3225 870 3272 suite
887 3222 918 3271 de
936 3223 1053 3290 i'incapa-

609 3288 657 3337 cite
669 3287 823 3338 insauciante
834 3288 868 3336 du
881 3288 970 3353 presel.

644 3391 697 3432 η.
716 3393 736 3433 1.
754 3386 790 3435 On
803 3382 912 3449 appelait
923 3385 1053 3434 tessercire

610 3448 676 3500 celui
694 3449 737 3515 qui
758 3449 818 3518 etait
837 3449 928 3516 charge
944 3450 976 3499 de
993 3450 1056 3515 faire¹

949 3537 974 3590 a*
