2346 3922
330 234 422 283 mann
442 237 476 282 11.
500 236 566 284 cur.
592 222 722 285 17-20.
943 221 1003 285 107

61 363 162 445 totins
174 365 316 427 cohortes
336 369 368 428 et
387 369 472 429 mille
490 369 687 431 vexillarios³
702 387 771 431 cum
791 370 897 447 paucis
918 372 1001 448 equi-

61 462 149 538 tibus
161 466 309 524 veterano
324 467 474 529 exercitui
489 469 642 547 objicere:
666 470 718 529 sed
733 470 900 529 indomitus
914 470 1002 530 miles
1050 495 1053 504 ·

62 564 187 643 et31bclli
208 566 335 643 ignarus
359 572 508 647 correptis
533 572 631 647 signis
652 571 836 648 vexillisque
859 589 949 631 ruere
970 574 1002 630 et

60 665 213 727 retinenti
237 666 307 726 duci
331 667 394 727 tela
428 669 598 740 intentare,
635 668 747 745 spretis
772 669 1003 728 centurionibus

60 763 274 839 tribunisqu03
291 765 366 840 quin
379 767 468 842 prodi
483 769 633 828 Othonem
652 770 683 827 et
703 768 835 827 accitum
850 768 1002 827 Caecinam

59 859 276 929 clamitabant.
304 862 357 923 Fit
370 865 555 925 temeritatis
574 865 684 924 alienae
705 883 805 924 comes
827 865 999 941 Spurinna,

58 960 164 1036 primo
184 963 323 1031 coactus,
345 979 416 1020 mox
434 963 514 1024 velle
539 963 700 1034 simulans,
728 982 788 1039 quo
807 964 877 1039 plus
898 965 1000 1023 aucto·

56 1058 298 1123 transiisset
317 1059 470 1130 consiliis,
486 1060 513 1119 si
528 1062 637 1120 seditio
651 1064 834 1123 mitesceret.

57 1186 87 1217 -;·
104 1160 156 1219 19.
173 1161 341 1236 Postquam
355 1161 388 1219 in
402 1165 564 1237 conspectu
580 1163 683 1222 Padus
698 1166 729 1223 et
744 1181 805 1223 nox
819 1163 999 1238 appetebat,

57 1356 226 1416 contundit
236 1357 364 1416 animos.
379 1360 456 1418 Tum
467 1359 694 1418 vetustissimus
706 1359 833 1434 quisque
848 1359 1001 1434 castigare

58 1453 277 1513 credulitatem
296 1471 397 1524 suam,
419 1457 532 1514 metum
557 1473 593 1514 ac
618 1455 801 1514 discrimen²
824 1455 998 1523 ostendere,

53 1552 93 1612 xi
104 1569 175 1611 cum
190 1552 325 1611 exercitu
341 1553 463 1637 Caecina
483 1554 659 1629 patentibus
680 1554 796 1629 campis
809 1555 874 1611 tam
888 1569 1001 1628 paucas

59 1651 205 1710 cohortes
222 1649 476 1710 circumfudisset.
503 1653 632 1727 Jamque
652 1652 727 1711 totis
746 1652 857 1710 castris
871 1650 1001 1708 modesti

60 1763 233 1818 sermones,
249 1751 281 1806 et
296 1749 501 1809 inserentibus
516 1767 548 1808 se
562 1750 793 1809 centurionibus
807 1748 1001 1823 tribunisque

61 1845 185 1905 laudari
208 1845 403 1919 providentia
427 1845 528 1915 ducis,
554 1845 632 1921 quod
658 1845 809 1903 coloniam
833 1844 948 1902 virium
970 1846 1002 1902 et

53 1960 157 2030 ⁴opum
181 1940 315 2001 validam
335 1942 430 2000 robur
454 1961 490 2002 ac
515 1945 634 2015 sedem³
660 1943 739 2002 bello
764 1943 900 2017 legisset.
932 1942 1001 2017 Ipse

61 2042 217 2125 postremo
232 2039 402 2115 Spurinna,
420 2057 480 2098 non
495 2043 558 2099 tam
572 2041 692 2117 culpem
707 2041 895 2116 exprobrans
911 2055 1001 2113 quam

62 2139 185 2224 ratione
226 2137 404 2207 ostendens,
445 2138 561 2197 relictis
600 2137 846 2214 exploratoribus
884 2137 1002 2193 ceteros

63 2236 256 2295 Placentiam
276 2234 400 2317 reduxit
423 2235 525 2294 minus
548 2236 688 2294 turbidos
713 2237 744 2292 et
769 2233 899 2309 imperia
923 2232 1001 2290 acci·

52 2336 194 2417 ‘pientes
226 2338 357 2398 solidati
381 2338 479 2406 muri,
505 2333 736 2411 propugnacula
753 2332 875 2401 addita,
903 2333 1002 2388 auctae

57 2424 183 2506 turres,
210 2437 334 2513 provise
359 2438 527 2512 parataque
547 2450 607 2491 non
626 2448 713 2489 arma
730 2430 818 2489 modo
844 2428 895 2487 sed
917 2428 1000 2485 obse-

50 2532 168 2627 illium
198 2537 229 2593 et
255 2534 384 2610 parendi
412 2550 508 2602 amor,
539 2531 618 2606 quod
648 2529 744 2589 solum
772 2527 835 2587 illis
859 2526 1000 2602 partibus

51 2630 177 2700 zdefuit,
193 2649 263 2690 cum
276 2629 405 2689 virtutis
425 2629 505 2688 haud
520 2627 711 2703 paeniteret&

53 2720 67 2757 '¹
103 2734 156 2794 20.
180 2734 222 2792 At
236 2732 370 2801 Caecina,
386 2731 473 2789 velut
492 2729 602 2788 relicta
622 2729 693 2804 post
710 2726 803 2802 Alpes
823 2723 943 2783 saevitia
964 2739 1000 2780 ac

53 2831 205 2901 licentia,
221 2831 374 2889 modesto¹
390 2829 512 2904 agmine
530 2845 585 2904 per
599 2825 722 2886 Italiam
741 2822 877 2882 incessit.
904 2822 999 2881 Orna-

96 2979 119 3022 3.
141 2966 458 3027 Vecillcrioa,uexillaires.
472 2967 506 3017 Ge
555 2974 592 3015 tes
613 2973 637 3014 et
658 2959 809 3012 montrnient
828 2959 864 3008 les
884 2956 999 3022 dangers.

60 3032 507 3098 oontlcsdttacbementsdeslegions
587 3038 609 3080 3.
629 3029 715 3080 Robur
723 3027 854 3083 accedent,
869 3021 1001 3072 accusatils

62 3104 97 3153 de
116 3099 243 3151 Pannonio
262 3115 294 3148 ou
317 3099 348 3147 dc
371 3097 505 3155 Delmatia,
555 3093 708 3143 attributiis:
734 3105 829 3141 comme
858 3087 921 3137 forte
942 3087 1002 3137 base

62 3167 148 3218 munis
163 3181 221 3215 sous
232 3181 267 3212 uu
278 3165 406 3213 oscillum.
554 3159 598 3208 des
610 3157 750 3222 optrations
765 3152 901 3205 militaires.

52 3245 55 3249 ·
97 3239 153 3280 10.
173 3227 466 3288 1.Urbuuo,habituea
482 3225 507 3276 le
587 3232 611 3272 4.
630 3224 764 3278 Paenitere,
783 3223 835 3270 tire
847 3221 999 3268 mtcontcnt.

62 3298 121 3349 ville
132 3296 236 3362 (Rome).
554 3287 605 3347 CL,
617 3282 932 3352 pourccttesignificatiou,
941 3283 999 3347 Agr.

97 3372 119 3412 2.
138 3363 230 3412 Motum
242 3385 276 3396 --
288 3359 422 3411 ostendere.
442 3354 507 3406 C'est
556 3361 599 3403 33:
613 3368 690 3416 acque
702 3367 744 3400 cos
757 3352 827 3398 ductu
839 3349 964 3411 penituit.

62 3421 505 3493 unleger-zeugma(u.gr.dcTacite‚
593 3425 646 3466 πο.
673 3425 693 3468 l.
718 3413 866 3480 Discipliut,
894 3427 926 3460 eu
951 3410 1001 3460 bon

63 3485 507 3561 1rc):ilsmanilestaienrleurscrain-
557 3483 640 3533 ordre.
