2346 3922
987 237 1048 297 293

369 219 461 295 urana
480 252 524 322 tv.
550 253 616 297 cnr.
641 237 774 297 36-39,

111 378 255 438 satietate
276 382 386 455 praedae
411 402 466 442 nec
491 385 666 444 incruenti:
697 386 729 443 in
758 384 811 443 via
836 385 987 459 dispersos
1016 387 1047 443 et

110 478 229 536 nescios
244 479 332 538 miles
354 482 458 539 noster
473 481 640 541 invaserat.
665 482 744 548 Quin
767 486 798 540 et
816 483 963 541 loricam8
983 482 1046 540 val·

110 572 233 648 lumque
258 577 411 652 perfines
437 596 507 638 suos
529 580 656 638 Treveri
682 582 840 651 struxero,
868 581 1047 656 magnisque

110 673 142 731 iu
167 676 285 734 vicem⁹
310 677 448 737 cladibus
473 696 542 736 cum
566 680 727 737 Germanis
748 679 924 749 certabant,
952 680 1047 737 donec

109 777 235 850 egregia
250 795 323 854 arga
336 779 482 856 populum
493 780 665 839 Romanum
679 781 790 839 merita
804 797 876 837 mox
889 777 1049 837 rebelles¹⁰

108 871 270 934 foedarent.

150 992 201 1050 38.
225 994 347 1054 Interea
371 996 576 1073 Vespasianus
602 997 713 1056 iterum
738 1015 774 1055 ac
799 997 888 1055 Titus
910 998 1046 1056 consula-

109 1090 175 1147 tum
204 1092 344 1152 absentes
373 1094 539 1166 inieruntl,
570 1098 677 1170 maesta,
709 1099 741 1154 et
769 1095 933 1171 multiplici
962 1098 1045 1154 motu

110 1206 256 1265 suspensa
275 1193 416 1264 civitate,
440 1211 507 1269 quae
528 1198 637 1270 superi
663 1195 831 1253 instantia³
851 1195 933 1254 mala
953 1193 1046 1252 falsos

108 1304 239 1361 pavores
264 1290 405 1349 induerat
433 1290 617 1349 descivisse⁴
634 1290 771 1350 Africam
791 1309 841 1350 res
865 1309 960 1350 novas
985 1309 1045 1349 mo-

109 1385 205 1443 liente
225 1387 260 1445 L.
278 1388 422 1446 Pisone⁵.
450 1388 480 1445 Is
495 1391 627 1463 praeerat
648 1390 832 1464 provinciae,
856 1405 1047 1464 nequaquam

108 1484 251 1542 turbidus
266 1486 404 1560 ingenim
419 1488 470 1546 sed
482 1489 555 1563 quia
566 1506 661 1547 navos
676 1490 807 1549 saevitia
818 1490 929 1547 hiemis
944 1490 1047 1564 prohi-

108 1580 270 1651 bebantur,
294 1583 406 1660 vulgus
427 1586 575 1645 alimenta
597 1588 628 1645 in
651 1587 735 1646 dies⁶
750 1591 882 1648 mercari
902 1589 1044 1659 solitum,

109 1682 159 1738 oui
183 1699 245 1740 una
269 1701 308 1741 ex
332 1701 365 1742 re
390 1686 513 1760 publica
534 1705 663 1745 annonae
684 1705 772 1758 cura,
795 1690 931 1748 clausum
952 1689 1044 1758 titus,

108 1779 237 1836 retineri
256 1785 457 1853 commeatus
475 1786 546 1843 dum
562 1787 667 1856 timet,
685 1787 844 1855 credebat,
861 1785 1047 1860 augentibus

107 1877 221 1936 famam
241 1879 436 1952 Vitellianis,
458 1885 510 1958 qui
530 1884 820 1960 studium‘partium
842 1884 972 1941 nondum
995 1900 1045 1958 po·

108 1981 244 2048 suerunt,
254 1994 296 2038 uc
310 1982 480 2042 victoribus
495 1983 618 2059 quidem
633 1984 756 2058 ingrato
771 1999 903 2049 rumore,
918 1996 1046 2055 quorum

108 2080 291 2154 cupiditates
316 2084 453 2140 externis
478 2101 596 2158 quoque
620 2083 710 2141 bellis
736 2079 936 2157 inexplebiles
962 2078 1047 2137 nulla

109 2196 251 2254 umquam
268 2179 371 2238 civilis
385 2181 518 2239 victoria
533 2182 671 2240 satiavit.

155 2281 206 2339 39,
236 2281 383 2340 Kalendis
412 2283 571 2341 Januariis
600 2285 632 2340 in
665 2284 794 2351 senatu,
826 2298 915 2355 quem
943 2278 1047 2339 Julius

109 2378 275 2438 Frontinus
299 2382 430 2455 praetor1
455 2381 592 2439 urbanus
617 2380 796 2449 vocaverat,
823 2378 935 2453 legatis
960 2393 1045 2435 exer·

141 2542 164 2582 7.
185 2536 307 2594 Mattiaci,
321 2553 352 2585 en
365 2536 459 2601 grande
470 2534 551 2601 partic

109 2600 170 2649 datis
188 2601 212 2648 lc
231 2602 336 2660 Nassau,
359 2611 428 2651 entre
447 2602 469 2649 le
485 2600 550 2651 Rhin

109 2676 132 2715 et
143 2667 165 2714 le
178 2665 242 2714 Mein
255 2676 279 2715 et
290 2678 380 2716 autcur
394 2666 428 2716 du
440 2667 550 2724 Taunus,

108 2747 139 2780 au
157 2729 214 2796 pied
226 2733 321 2797 duqucl
339 2750 365 2782 se
382 2741 496 2782 trouvent
515 2733 551 2782 les

107 2799 230 2847 Mottiucae
241 2814 319 2861 aqum,
333 2797 550 2862 auj.Wiesbuden.

142 2871 163 2911 8.
184 2864 286 2922 Lorico,
309 2873 410 2929 parapet
427 2863 505 2913 formd
521 2865 552 2913 de

110 2927 184 2977 claics
202 2929 291 2978 d'osicr
309 2946 341 2978 ou
365 2931 396 2978 de
417 2929 552 2994 palissadcs

110 2995 222 3058 pluntdcs
234 3011 276 3043 sur
287 2996 311 3044 le
323 2997 428 3044 uultum.

143 3068 165 3109 9.
185 3063 214 3111 ln
231 3063 321 3120 uicem,
343 3059 479 3110 determine
502 3063 551 3110 clo-

110 3126 191 3185 dibua,
205 3143 227 3175 v.
240 3142 277 3190 gr.
291 3125 322 3175 de
334 3127 391 3175 Tac.
404 3133 453 3175 101.

146 3200 180 3242 10.
199 3193 318 3250 Rcbctlcs,
336 3209 357 3240 v.
377 3192 417 3242 ch.
431 3199 471 3248 55,
490 3197 518 3240 69
530 3200 554 3239 ct

110 3273 172 3306 su1v.

145 3331 199 3371 as.
218 3331 239 3372 1.
251 3324 285 3372 Le
298 3331 331 3372 1er
339 3320 407 3385 janu.
418 3321 450 3371 de
459 3321 506 3372 l'an
516 3329 552 3370 uo.

144 3397 166 3438 2.
186 3390 419 3451 Supcr=praetor.

143 3459 170 3504 3(
184 3456 323 3511 instantio,
337 3455 553 3518 presents,1·ecls‚

112 3530 136 3570 ct
157 3536 208 3569 non
226 3535 271 3585 pas
294 3518 337 3586 qui
357 3517 511 3578 meuacaiont
531 3519 555 3568 la

601 2535 664 2594 citt,
688 2539 811 2585 instantio
829 2537 897 2584 etant
921 2536 1047 2599 opposed

602 2602 679 2666 solaco
692 2601 735 2667 qui
754 2601 811 2650 suit.

633 2675 656 2716 4.
675 2668 816 2716 Descivissc.
830 2667 867 2716 011
880 2674 974 2724 trouve,
985 2665 1047 2714 dans
1101 2700 1103 2707 Α

600 2732 723 2782 Tite-Lito
734 2742 759 2781 et
770 2737 848 2782 meme
860 2731 922 2780 dans
930 2730 1045 2791 (lice'ron,

601 2797 722 2847 l'infinitif
743 2814 800 2847 avec
824 2795 963 2847 l'accusutif
983 2796 1048 2861 sujet

601 2865 722 2914 construit
741 2867 812 2928 apres
829 2865 905 2913 timor
920 2870 967 2919 est,
981 2872 1044 2921 eta,

602 2929 662 2978 mais
674 2929 706 2978 ici
718 2932 845 2978 desciuisse
857 2938 894 2978 est
905 2928 929 2978 lc
941 2928 1047 2992 comple-

602 3005 669 3044 meut
702 2995 761 3044 d'un
790 2995 894 3043 verbum
924 2996 1048 3056 copitcodi

603 3061 677 3125 qu'on
689 3060 735 3109 tire
748 3059 779 3109 dc
793 3076 900 3123 peoorca
912 3061 1048 3107 induerat:

603 3125 666 3174 uruit
682 3141 760 3184 concu
773 3125 817 3174 des
833 3125 942 3190 frapeurs
958 3122 1048 3174 chime-

603 3190 701 3256 riqucs,
714 3200 815 3256 croyant
827 3206 906 3256 quo...

637 3265 658 3307 5.
678 3259 707 3307 t.
727 3257 824 3306 Pisone.
847 3257 874 3305 L.
898 3253 1047 3319 Calpurnius

604 3323 677 3373 Pisou
707 3322 744 3371 fut
771 3323 827 3386 plus
854 3321 908 3370 turd
935 3323 976 3369 tue'
1005 3336 1047 3368 sur

604 3387 694 3438 l'ordre
706 3388 737 3437 de
749 3387 855 3437 Mucien.
870 3386 898 3435 V.
910 3385 949 3436 ch.
962 3391 1000 3434 48.

638 3461 659 3502 c.
679 3455 708 3503 ln
720 3456 785 3510 dies,
797 3451 855 3515 jour
866 3467 911 3516 par
919 3449 986 3514 jo'ur.

639 3526 691 3569 w.
713 3527 734 3569 l.
753 3519 858 3568 Prator.
876 3517 912 3568 En
924 3515 1047 3568 l'abseuce
