2346 3922
392 202 485 247 umus
506 203 528 246 1.
552 203 618 247 cnr.
644 186 774 248 lte-15.
1015 189 1053 248 lu

113 331 209 390 niitia
226 331 368 406 imperii⁴
386 332 550 407 transigit3
578 332 775 408 adhibitoque
799 335 906 408 super⁵
926 333 1053 393 Vinium

113 445 153 486 ac
167 430 323 488 Laconem
338 431 439 489 Mario
454 430 541 490 Celso
556 431 678 490 consule
692 432 852 506 designato
866 449 902 489 ac
916 433 1053 491 Ducenio

117 526 249 585 Gemino
265 527 408 602 praefecto
422 530 536 598 urbis⁸,
557 547 654 605 pauca
669 530 814 605 praefatus
828 531 865 589 de
879 548 934 589 sua
952 549 1052 589 senec·

115 627 202 696 tate,
227 627 373 686 Pisonem
391 628 605 687 Licinianum⁷
624 630 769 687 accersiri
784 628 889 703 Jubet,
911 647 963 688 seu
985 646 1053 704 pro·

117 718 189 800 pria
209 726 358 786 electione
383 727 463 798 sive,
491 731 526 786 ut
550 729 673 803 quidam
697 728 905 812 crediderunt,
933 730 1054 788 Lacone

118 823 272 894 instante,
294 827 344 884 eui
362 827 443 901 apud
462 826 640 885 Rubellium
663 825 808 885 Plautum
829 827 965 885 exercita
986 845 1053 885 cum

117 922 236 982 Pisone
260 925 408 983 amicitia.
440 925 499 984 Sed
524 925 633 983 callide
652 927 688 983 ut
707 925 844 999 ignotum
858 924 996 993 fovebat,
1023 927 1054 983 et

118 1038 268 1096 prospera
281 1022 319 1081 de
333 1023 447 1082 Pisone
461 1022 542 1081 fama
556 1022 684 1081 consilio
699 1021 764 1095 ejus
778 1021 867 1080 fldem
881 1023 1051 1081 addiderat.

119 1118 194 1176 Piso
210 1120 255 1178 M.
272 1120 381 1177 Crasso
402 1122 433 1176 et
448 1119 628 1181 Scribonia⁸
647 1119 784 1193 genitus,
809 1117 921 1176 nobilis
947 1120 1052 1177 utrim-

120 1232 194 1289 que,
211 1216 300 1274 vultu
320 1217 489 1291 habituque
512 1216 606 1274 moris
627 1217 762 1291 antiqui,
791 1234 829 1274 ex
851 1216 1054 1274 aestimatione

117 1314 204 1370 rocta
228 1314 382 1382 severus⁹,
410 1312 545 1371 deterius
570 1313 846 1387 interpretantibus
860 1313 982 1371 tristior
1003 1314 1053 1370 ha-

118 1409 270 1468 bebatur:
285 1428 320 1468 ea
331 1428 402 1486 pars
413 1428 531 1470 morum
546 1410 626 1486 ejus,
643 1428 702 1486 quo
717 1411 887 1487 suspectior
901 1411 1052 1480 sollicitis,

118 1505 281 1583 adoptanti
302 1507 482 1582 placebat10.

162 1606 212 1666 15.
236 1607 339 1680 Igitur
367 1606 480 1675 Galba,
510 1607 700 1681 apprehensa
728 1606 852 1665 Pisonis
877 1624 984 1674 manu,
1022 1607 1054 1665 in

119 1704 200 1762 huuc
220 1705 342 1763 modum
360 1705 480 1763 locutus
497 1704 596 1764 fertur
610 1727 616 1763 :
633 1725 651 1760 a
669 1706 747 1764 Sita
762 1706 902 1780 privatus
922 1704 989 1778 lege
1005 1723 1053 1763 eu·

119 1803 202 1862 riata
212 1804 293 1880 apud
305 1805 474 1880 pontifices,
488 1807 523 1863 ut
532 1806 627 1863 moris
637 1807 699 1873 est,
713 1804 889 1879 adoptarem
899 1807 923 1873 ¹,
937 1804 1054 1862 etmihi

119 1945 275 2011 proposition
312 1946 443 1997 suivante:
467 1951 566 1998 comitia
607 1947 702 1996 Licinia
714 1948 762 2012 (fils
774 1948 805 1997 de
818 1949 849 1997 ll.
864 1947 973 1998 Licinius
985 1949 1055 1998 Cras-

120 2013 204 2061 transi
223 2015 247 2060 ἐ.
607 2029 649 2062 sus
658 2013 749 2078 Frugi),
759 2013 777 2062 il
786 2013 850 2062 avait
858 2015 898 2062 etc'
907 2014 997 2078 adepte
1010 2031 1054 2078 par

152 2084 176 2124 4.
214 2078 301 2126 aetitia
310 2078 420 2140 imperii.
434 2078 455 2127 ll
464 2095 478 2143 y
487 2077 563 2136 avait,
608 2079 635 2128 L.
649 2078 799 2143 Calpurnius
811 2079 867 2128 Piso
877 2079 960 2144 Frugi.

120 2156 178 2191 sous
190 2142 215 2190 la
226 2141 389 2206 re‘publique‚
407 2143 452 2191 des
467 2143 566 2192 comitia
641 2151 663 2191 8.
681 2144 821 2200 Scribonia,
836 2145 906 2193 nicee
918 2144 949 2192 dc
962 2145 1051 2193 Sextus

119 2208 566 2270 consularia,preetoric,assemblees
607 2208 729 2272 Pompee,
749 2208 787 2257 fils
799 2209 833 2258 du
862 2209 923 2257 rand
938 2211 1052 2274 Pompee.

119 2271 154 2320 (lu
166 2273 260 2336 peuple
271 2277 304 2320 uir
316 2272 364 2322 l‘on
379 2273 517 2322 choisissait
529 2274 566 2322 les
639 2281 661 2322 9.
681 2275 800 2331 Severus,
839 2226 898 2322 ti'uu
931 2279 1053 2324 caractere

119 2338 235 2395 consuls,
259 2338 296 2386 les
318 2341 447 2402 protem-m
475 2338 507 2388 ici
533 2355 565 2387 on
607 2338 840 2397 serieu13tristi023
862 2355 928 2387 assez
945 2339 1052 2389 sombre.

119 2403 221 2466 appelle
245 2401 438 2468 improprement
460 2403 565 2453 comicas
641 2411 676 2453 10.
695 2404 820 2461 Placebat,
834 2413 953 2453 sous-eut.
967 2421 1054 2454 corna-

120 2467 262 2532 imperiaux
278 2469 302 2516 la
322 2469 427 2517 reunion
444 2468 475 2517 de
496 2470 565 2533 quel·
604 2471 651 2532 pia.
665 2469 693 2517 V.
708 2485 744 2534 gr.
758 2469 790 2518 de
802 2470 830 2517 T.
846 2477 895 2517 162.

120 2548 184 2596 ques
201 2532 272 2581 bauts
285 2533 490 2592 foncfionnaires,
504 2535 566 2583 dans
633 2533 1051 2599 1⁸.1.Adoptarem.L'atloption,

120 2598 231 2662 laquelle
243 2597 399 2662 l'empereur,
412 2614 443 2647 en
453 2609 521 2648 verta
534 2598 566 2648 dc
608 2598 650 2663 qui
659 2599 790 2664 changeait
800 2598 868 2648 l'etat
877 2598 936 2648 d'un
946 2599 1052 2665 citoyen,

121 2678 167 2713 son
188 2663 292 2726 pcuvoir
316 2667 443 2728 supreme,
458 2664 566 2728 procede
607 2663 692 2713 u'e'tait
711 2664 806 2714 valable
824 2680 873 2729 que
890 2665 910 2713 si
929 2666 977 2714 elle
995 2666 1055 2714 e'tait

121 2744 154 2777 au
166 2728 239 2777 choix
251 2729 283 2777 de
295 2744 339 2777 son
352 2745 504 2780 successeur.
608 2728 740 2778 confirmae
753 2746 854 2794 parune
866 2730 899 2778 loi
909 2730 940 2778 de
950 2729 1054 2778 l'assem-

155 2801 177 2842 5.
197 2794 280 2856 Sapor
290 2817 324 2835 =
333 2802 438 2856 praeter.
608 2793 664 2843 blec
676 2794 720 2843 des
733 2804 812 2843 trente
830 2794 923 2853 curies;
940 2797 976 2844 les
992 2812 1053 2860 pona

155 2865 178 2906 6.
196 2859 318 2924 Praefecto
335 2860 415 2908 erbis.
433 2861 466 2908 Le
487 2859 567 2924 preiet
608 2858 665 2907 tiles
688 2859 867 2908 intervcnaient
900 2877 973 2924 parce
1005 2876 1054 2925 que

122 2922 154 2971 de
166 2924 190 2973 la
200 2923 267 2981 ville,
281 2925 372 2989 auquel
385 2925 494 2989 Auguste
504 2924 568 2973 avait
608 2924 715 2987 l‘adopte
728 2925 827 2988 quittait
839 2926 861 2973 le
871 2926 937 2974 culte
945 2924 1014 2990 prise
1023 2927 1055 2974 de

122 2989 225 3038 accorde'
237 2989 269 3038 de
281 2989 431 3054 tres-grands
442 2990 565 3054 pousoirs,
608 3006 635 3038 sa
656 2989 758 3038 familie.
778 2991 878 3040 Comme
896 2992 932 3039 les
949 2990 1055 3039 comicos

122 3052 182 3102 etait
198 3070 293 3103 comme
312 3072 345 3103 un
366 3054 477 3103 ministre
494 3055 525 3103 de
544 3056 567 3103 la
608 3054 714 3103 curiates
726 3055 831 3113 avaient,
844 3053 900 3117 dtth
914 3072 971 3104 sous
983 3055 1007 3103 la
1020 3059 1055 3104 rti-

123 3119 202 3182 police
212 3127 237 3167 et
248 3119 310 3168 dela
319 3118 418 3182 justice,
432 3130 457 3168 et
468 3119 568 3184 pouvait
609 3119 740 3184 publique,
761 3120 840 3184 perdu
861 3121 916 3169 leur
936 3120 1055 3185 significa-

123 3188 201 3233 meme
213 3185 467 3234 condamnertmort.
478 3185 499 3235 ll
509 3185 569 3234 etait
609 3185 659 3234 tion
680 3184 815 3249 polilique,
838 3201 869 3233 on
890 3201 916 3233 se
939 3195 1054 3235 contenta

123 3247 285 3298 directement
309 3253 405 3299 nomme'
436 3267 481 3316 par
503 3251 568 3299 l'em·
609 3250 653 3299 des
667 3249 1055 3299 lorstlereunirtrentelieleurs

126 3329 223 3377 pereur=
610 3331 673 3379 pour
685 3316 721 3363 les
733 3316 877 3379 remplacer,
892 3315 952 3363 mais
963 3316 987 3363 le
997 3333 1054 3365 nom

157 3386 179 3426 7.
198 3380 371 3437 Licinianum,
386 3378 448 3428 ainsi
464 3380 567 3444 appele,
610 3381 642 3429 de
651 3382 690 3428 leuc
701 3383 802 3429 caretate
814 3389 886 3428 resta.
897 3379 1055 3444 L'empereur

125 3458 197 3506 parce
209 3459 267 3510 que,
281 3446 569 3511 appartenentalagens
612 3444 712 3511 pouvait
729 3444 789 3494 faire
807 3444 943 3511 l'atloption
961 3461 1055 3496 comme
