2346 3922
946 165 1006 230 179

65 313 199 374 classes⁵
213 333 404 393 vacuumque
419 313 578 393 Illyricum
594 318 709 377 maret.
734 315 813 382 Quid
829 319 894 374 tum
909 316 1006 376 claus-

65 418 119 473 tra
143 414 293 473 montium
318 415 514 490 profutura⁷t
543 416 622 482 Quid
648 418 782 474 tractum
807 415 838 472 in
871 419 1008 475 aestatem

65 511 162 570 aliam
176 512 306 571 bellum?
322 514 409 573 Unde
424 514 549 572 interim
564 514 724 589 pecuniam
747 516 778 571 et
803 515 1007 573 commeatus?

66 610 152 676 Quin
168 610 275 684 potius·
296 627 331 668 eo
352 611 418 687 ipso
433 616 596 672 uterentur
610 614 689 689 quod
707 613 894 671 Pannonicae
914 613 1006 689 legio·

28 718 32 724 '
66 724 123 765 nes
144 707 277 782 decepta
297 709 395 782 magis
417 728 508 784 quam
524 712 615 769 victae
629 727 791 785 resurgere
807 711 838 767 in
862 711 1009 768 ultionem

66 808 251 881 properent,
275 807 395 864 Moesici
410 809 563 866 exercitus
584 809 721 883 integras
737 808 818 866 vires
833 807 1007 867 attulerint.

67 904 103 964 Si
127 900 271 962 numerus
292 904 425 963 militum
443 907 547 981 potius
572 925 662 982 quam
682 906 835 981 legionum
852 907 1008 981 putetur⁸,

66 1001 139 1076 plus
153 1001 225 1082 hinc
239 1002 374 1070 roboris,
399 1003 478 1061 nihil
496 1004 675 1074 libidinum;
703 1009 735 1064 et
754 1004 905 1079 profuisse
921 1005 1009 1063 disei-

67 1100 164 1175 plinae
188 1101 288 1175 ipsum
313 1100 475 1176 pudorem;
505 1104 624 1178 equites
649 1120 722 1160 vero
744 1119 782 1159 ne
801 1105 866 1160 tum
888 1101 1010 1176 quidem

67 1198 185 1268 victos,
207 1198 258 1256 sed
278 1216 460 1275 quamquam
482 1202 573 1259 rebus
601 1200 758 1259 adversis⁹
779 1200 938 1276 disJectam
957 1200 1009 1259 Vi·

67 1296 151 1355 tellii
172 1297 280 1359 aciem.
309 1299 416 1356 «Duae
437 1301 511 1357 tunc
532 1299 720 1358 Pannonicae
741 1315 777 1356 ac
799 1298 934 1357 Moesicae
954 1297 1011 1355 alae

66 1410 237 1470 perrupere
266 1395 399 1464 hostem;
431 1413 512 1453 nunc
542 1396 673 1454 sedecim
701 1394 820 1453 alarum
848 1395 1012 1471 conjuncta

68 1495 162 1568 signa
175 1492 263 1568 pulsu
280 1495 441 1570 sonituque
453 1498 484 1554 et
496 1494 607 1553 nube¹⁰
622 1494 689 1568 ipsa
700 1494 841 1568 operient
856 1511 891 1551 ac
907 1510 1009 1569 supar-

68 1591 201 1650 fundent
217 1591 328 1650 oblitos
344 1592 520 1668 proeliorum
536 1593 655 1667 equites
670 1609 833 1667 equosque.
856 1591 927 1650 Nisi
943 1593 1012 1666 quis

354 180 446 231 arnan
467 181 513 230 m.
537 185 605 232 cm.
632 162 721 228 1-3.

69 1689 228 1758 retinet¹¹‚
251 1690 330 1748 idem
351 1707 459 1749 suasor
479 1693 645 1765 auctorque
655 1693 677 1729 ¹²
702 1692 825 1749 consilii
840 1709 903 1750 ero.
930 1693 1008 1759 Vos,
1091 1729 1092 1732 =

70 1787 214 1863 quibus¹³
239 1787 362 1847 fortuna
382 1788 414 1845 in
438 1789 559 1864 integro
586 1792 646 1858 cst,
674 1789 810 1863 legiones
836 1790 1008 1859 continete3

69 1885 150 1952 mihi
178 1886 328 1960 expeditae
356 1886 526 1944 cohortes¹⁴
556 1886 716 1945 sufficient.
747 1887 817 1945 dam
843 1889 1011 1944 reseratam

70 1982 212 2055 ltaliam,
236 1984 382 2068 impulsas
397 1984 517 2044 Vitellii
539 2001 587 2042 res
608 1985 758 2054 audietis;
781 1985 908 2060 juvabit
926 1985 1012 2060 sequi

71 2085 105 2140 et
120 2083 262 2156 vestigiis
279 2084 434 2142 vincentis
454 2084 608 2142 insistere.
627 2104 644 2140 »
672 2153 681 2175 ἱ

113 2183 145 2243 3.
170 2183 242 2241 Haec
267 2201 303 2242 ac
327 2183 404 2243 talia
427 2185 562 2261 flagrans
587 2185 698 2254 oculis,
725 2184 807 2243 truci
830 2202 922 2252 voce,
951 2202 1011 2259 quo

69 2281 168 2339 latius
187 2280 347 2342 audiretur
366 2284 489 2358 (etenim
509 2302 540 2342 se
559 2284 754 2343 centuriones
773 2285 941 2359 etquidem
958 2285 1012 2342 mi-

70 2378 164 2438 litum
178 2380 306 2438 consilio
321 2380 532 2460 miscuerant),
547 2384 592 2443 ita
607 2384 714 2442 effudit
726 2388 759 2442 ut
771 2387 877 2442 cautos
893 2401 1013 2459 quoque

108 2532 131 2574 5.
150 2524 226 2577 L’unc
242 2528 375 2589 illimus,
397 2528 485 2580 l'autre
503 2531 518 2579 a

58 2591 200 2646 :Ravenna

108 2661 130 2706 6.
150 2657 183 2705 La
199 2674 252 2707 mer
269 2657 377 2725 d'lllyric
398 2669 434 2708 est
452 2659 517 2709 libre

72 2729 100 2770 et
117 2735 162 2785 par
173 2726 325 2788 consequent
341 2725 377 2774 les
389 2725 518 2775 Vitellians

71 2797 184 2850 pausent
200 2787 344 2855 debarquer
362 2807 405 2839 sur
422 2791 446 2840 la
463 2796 518 2840 cote

73 2848 109 2898 de
124 2850 254 2911 Dalmatio.

109 2923 139 2973 7„
152 2917 257 2978 Quid-
261 2919 403 2983 profuturo
412 2936 447 2971 sc.
459 2937 516 2970 asae.

71 2981 105 3030 V.
119 2982 205 3031 Gantr.
220 2991 274 3043 163,
288 2991 310 3032 2.

109 3053 132 3093 8.
153 3046 473 3112 Putetar=eompatetur.

69 3119 93 3132 ‘²
109 3117 132 3159 a.
151 3113 471 3176 Quamquam—udocrais.
482 3113 521 3164 Gi-

74 3176 152 3224 ecron
169 3178 276 3242 emploie
296 3179 352 3242 deja
369 3195 520 3243 quoanqaam

75 3255 135 3289 sans
148 3241 221 3292 verbe
233 3259 264 3292 en
276 3243 359 3292 disant
370 3261 521 3308 quaomqaam

72 3305 178 3370 difficili
198 3312 226 3358 io
244 3325 281 3357 rc.
306 3309 334 3359 V.
357 3311 443 3359 Gantr.
466 3317 520 3368 156,

76 3385 140 3421 rem.
155 3379 178 3422 2.

114 3443 150 3485 10.
168 3438 250 3487 Pulsa
261 3466 294 3474 —
304 3437 380 3497 nube,
398 3438 421 3487 le
437 3438 498 3489 chuc
512 3468 521 3476 ·

75 3504 114 3554 les
126 3519 220 3572 nuages
232 3502 264 3552 de
276 3503 412 3573 poussierc.

601 2540 636 2580 ll.
656 2531 676 2580 ll
690 2531 734 2580 fait
750 2531 857 2581 allusion
871 2532 885 2578 d
898 2546 942 2579 son
955 2530 1014 2580 chel

567 2597 684 2661 Tampius
696 2597 841 2657 Flavianus,
856 2611 1013 2662 gourerncur

567 2662 598 2711 dc
611 2663 634 2711 la
646 2662 782 2711 Pannonia.

601 2750 637 2791 12.
662 2743 756 2792 Auctor
778 2733 875 2808 signifie
898 2741 943 2800 ici,
966 2757 1012 2806 par

568 2808 710 2872 opposition
730 2810 744 2857 d
764 2824 863 2866 accusor,
884 2807 950 2856 celui
969 2806 1013 2871 qui

569 2873 713 2937 accomplit,
728 2874 771 2938 qni
785 2876 898 2922 executa.

603 2961 638 3002 13.
666 2954 731 3002 leur
754 2953 838 3003 arcnir
858 2951 946 3001 n'etait
969 2968 1013 3016 pas

569 3018 717 3082 compromis
741 3034 836 3067 comme
855 3018 921 3066 celui
941 3017 1015 3066 d'Au-

570 3083 647 3133 toine.
661 3085 689 3133 V.
703 3084 739 3141 ll,
754 3091 790 3133 86.

605 3170 640 3211 ll.
660 3163 782 3213 Cohortaa¹
804 3163 839 3212 Ge
851 3171 900 3211 mot
917 3161 1014 3226 signific

571 3225 684 3290 toujours
713 3227 827 3277 cohortes
855 3227 1013 3286 auxiliantes,

572 3292 657 3358 quand
670 3295 705 3341 les
717 3293 831 3342 cohortes
841 3292 901 3340 dont
914 3308 939 3340 se
951 3308 1015 3341 com-

572 3374 632 3423 posa
645 3373 693 3406 une
702 3358 784 3422 legion
796 3374 827 3407 ne
837 3367 892 3407 sont
904 3372 948 3422 pas
958 3357 1015 3405 clai-

573 3423 817 3489 rementdesignecs.
