<?xml version="1.0" encoding="UTF-8"?>
<!DOCTYPE html PUBLIC "-//W3C//DTD XHTML 1.0 Transitional//EN"
    "http://www.w3.org/TR/xhtml1/DTD/xhtml1-transitional.dtd">
<html xmlns="http://www.w3.org/1999/xhtml" xml:lang="en" lang="en">
 <head>
  <title>
</title>
<meta http-equiv="Content-Type" content="text/html;charset=utf-8" />
  <meta name='ocr-system' content='tesseract 3.04.00' />
  <meta name='ocr-capabilities' content='ocr_page ocr_carea ocr_par ocr_line ocrx_word'/>
</head>
<body>
  <div class='ocr_page' id='page_1' title='image "./corneliitacitih00gantgoog_0263.png"; bbox 0 0 2346 3922; ppageno 0'>
   <div class='ocr_carea' id='block_1_1' title="bbox 167 201 896 266">
    <p class='ocr_par' dir='ltr' id='par_1_1' title="bbox 167 201 896 266">
     <span class='ocr_line' id='line_1_1' title="bbox 167 201 896 266; baseline 0.004 -2"><span class='ocrx_word' id='word_1_1' title='bbox 167 201 228 264; x_wconf 79' lang='lat'>250</span> <span class='ocrx_word' id='word_1_2' title='bbox 394 218 538 263; x_wconf 77' lang='lat' dir='ltr'>oonnnnn</span> <span class='ocrx_word' id='word_1_3' title='bbox 559 218 661 264; x_wconf 75' lang='lat' dir='ltr'>rnorrr</span> <span class='ocrx_word' id='word_1_4' title='bbox 681 219 896 266; x_wconf 71' lang='lat' dir='ltr'>maronianum</span> 
     </span>
    </p>
   </div>
   <div class='ocr_carea' id='block_1_2' title="bbox 141 351 1109 1213">
    <p class='ocr_par' dir='ltr' id='par_1_2' title="bbox 141 351 1109 704">
     <span class='ocr_line' id='line_1_2' title="bbox 167 351 1109 429; baseline 0.005 -20"><span class='ocrx_word' id='word_1_5' title='bbox 167 369 259 428; x_wconf 87' lang='lat' dir='ltr'>quam</span> <span class='ocrx_word' id='word_1_6' title='bbox 273 351 392 411; x_wconf 88' lang='lat' dir='ltr'>habuit.</span> <span class='ocrx_word' id='word_1_7' title='bbox 420 351 480 411; x_wconf 89' lang='lat' dir='ltr'>Rei</span> <span class='ocrx_word' id='word_1_8' title='bbox 494 353 625 429; x_wconf 83' lang='lat' dir='ltr'>publicae</span> <span class='ocrx_word' id='word_1_9' title='bbox 639 353 720 412; x_wconf 89' lang='lat' dir='ltr'>haud</span> <span class='ocrx_word' id='word_1_10' title='bbox 734 353 825 412; x_wconf 88' lang='lat' dir='ltr'>dubie</span> <span class='ocrx_word' id='word_1_11' title='bbox 845 353 998 413; x_wconf 77' lang='lat' dir='ltr'>intererat</span> <span class='ocrx_word' id='word_1_12' title='bbox 1012 355 1109 415; x_wconf 84' lang='lat' dir='ltr'>Vitel-</span> 
     </span>
     <span class='ocr_line' id='line_1_3' title="bbox 167 450 1109 528; baseline 0.002 -20"><span class='ocrx_word' id='word_1_13' title='bbox 167 451 244 509; x_wconf 90' lang='lat' dir='ltr'>lium</span> <span class='ocrx_word' id='word_1_14' title='bbox 258 451 358 520; x_wconf 88' lang='lat' dir='ltr'>vinci,</span> <span class='ocrx_word' id='word_1_15' title='bbox 381 450 433 508; x_wconf 89' lang='lat' dir='ltr'>sed</span> <span class='ocrx_word' id='word_1_16' title='bbox 455 450 627 526; x_wconf 77' lang='lat' dir='ltr'>imputarel</span> <span class='ocrx_word' id='word_1_17' title='bbox 649 450 807 527; x_wconf 88' lang='lat' dir='ltr'>perfidiam</span> <span class='ocrx_word' id='word_1_18' title='bbox 829 468 889 509; x_wconf 92' lang='lat' dir='ltr'>non</span> <span class='ocrx_word' id='word_1_19' title='bbox 906 454 1037 527; x_wconf 85' lang='lat' dir='ltr'>possunt</span> <span class='ocrx_word' id='word_1_20' title='bbox 1058 453 1109 528; x_wconf 89' lang='lat' dir='ltr'>qui</span> 
     </span>
     <span class='ocr_line' id='line_1_4' title="bbox 141 545 1108 626; baseline 0.001 -18"><span class='ocrx_word' id='word_1_21' title='bbox 141 562 145 568; x_wconf 82' lang='grc'><em>·</em></span> <span class='ocrx_word' id='word_1_22' title='bbox 166 547 328 608; x_wconf 88' lang='lat' dir='ltr'>Vitellium</span> <span class='ocrx_word' id='word_1_23' title='bbox 343 548 531 624; x_wconf 83' lang='lat' dir='ltr'><strong>Vespasiano</strong></span> <span class='ocrx_word' id='word_1_24' title='bbox 556 549 735 626; x_wconf 77' lang='lat' dir='ltr'>prodidere,</span> <span class='ocrx_word' id='word_1_25' title='bbox 761 566 829 607; x_wconf 89' lang='lat' dir='ltr'>cum</span> <span class='ocrx_word' id='word_1_26' title='bbox 849 566 868 607; x_wconf 87' lang='lat' dir='ltr'>a</span> <span class='ocrx_word' id='word_1_27' title='bbox 890 545 991 609; x_wconf 81' lang='lat' dir='ltr'><strong>Galba</strong></span> <span class='ocrx_word' id='word_1_28' title='bbox 1015 550 1108 609; x_wconf 85' lang='lat' dir='ltr'>desci-</span> 
     </span>
     <span class='ocr_line' id='line_1_5' title="bbox 167 645 297 704; baseline 0.008 -1"><span class='ocrx_word' id='word_1_29' title='bbox 167 645 297 704; x_wconf 84' lang='lat' dir='ltr'>vissent.</span> 
     </span>
    </p>

    <p class='ocr_par' dir='ltr' id='par_1_3' title="bbox 166 743 1108 1213">
     <span class='ocr_line' id='line_1_6' title="bbox 209 743 1108 822; baseline 0.004 -19"><span class='ocrx_word' id='word_1_30' title='bbox 209 744 369 820; x_wconf 74' lang='lat' dir='ltr'>Praecipiti</span> <span class='ocrx_word' id='word_1_31' title='bbox 385 744 417 802; x_wconf 93' lang='lat' dir='ltr'>in</span> <span class='ocrx_word' id='word_1_32' title='bbox 433 760 572 803; x_wconf 87' lang='lat' dir='ltr'>occasum</span> <span class='ocrx_word' id='word_1_33' title='bbox 587 743 637 802; x_wconf 89' lang='lat' dir='ltr'>die</span> <span class='ocrx_word' id='word_1_34' title='bbox 652 744 690 802; x_wconf 88' lang='lat' dir='ltr'>ob</span> <span class='ocrx_word' id='word_1_35' title='bbox 710 761 855 820; x_wconf 86' lang='lat' dir='ltr'>pavorem</span> <span class='ocrx_word' id='word_1_36' title='bbox 869 745 1108 822; x_wconf 73' lang='lat' dir='ltr'>magistratuum</span> 
     </span>
     <span class='ocr_line' id='line_1_7' title="bbox 168 842 1108 920; baseline 0.005 -19"><span class='ocrx_word' id='word_1_37' title='bbox 168 846 418 918; x_wconf 84' lang='lat' dir='ltr'>senatorumque,</span> <span class='ocrx_word' id='word_1_38' title='bbox 449 842 502 917; x_wconf 90' lang='lat' dir='ltr'>qni</span> <span class='ocrx_word' id='word_1_39' title='bbox 531 842 642 919; x_wconf 88' lang='lat' dir='ltr'>dilapsi</span> <span class='ocrx_word' id='word_1_40' title='bbox 668 843 810 901; x_wconf 69' lang='lat' dir='ltr'>ex&#39;nrbe</span> <span class='ocrx_word' id='word_1_41' title='bbox 841 846 895 902; x_wconf 92' lang='lat' dir='ltr'>aut</span> <span class='ocrx_word' id='word_1_42' title='bbox 920 861 978 920; x_wconf 90' lang='lat' dir='ltr'>per</span> <span class='ocrx_word' id='word_1_43' title='bbox 1006 846 1108 906; x_wconf 82' lang='lat' dir='ltr'>domos</span> 
     </span>
     <span class='ocr_line' id='line_1_8' title="bbox 168 940 1106 1021; baseline 0.007 -24"><span class='ocrx_word' id='word_1_44' title='bbox 168 941 327 1000; x_wconf 88' lang='lat' dir='ltr'>clientium</span> <span class='ocrx_word' id='word_1_45' title='bbox 338 943 434 1000; x_wconf 88' lang='lat' dir='ltr'>semet</span> <span class='ocrx_word' id='word_1_46' title='bbox 445 940 653 1010; x_wconf 81' lang='lat' dir='ltr'>occultabant,</span> <span class='ocrx_word' id='word_1_47' title='bbox 667 941 773 999; x_wconf 86' lang='lat' dir='ltr'>vocari</span> <span class='ocrx_word' id='word_1_48' title='bbox 784 943 909 1000; x_wconf 84' lang='lat' dir='ltr'>senatus</span> <span class='ocrx_word' id='word_1_49' title='bbox 921 959 983 1002; x_wconf 92' lang='lat' dir='ltr'>non</span> <span class='ocrx_word' id='word_1_50' title='bbox 995 946 1106 1021; x_wconf 90' lang='lat' dir='ltr'>potuit.</span> 
     </span>
     <span class='ocr_line' id='line_1_9' title="bbox 168 1038 1108 1120; baseline 0.005 -22"><span class='ocrx_word' id='word_1_51' title='bbox 168 1040 393 1110; x_wconf 87' lang='lat' dir='ltr'>Domitianum,</span> <span class='ocrx_word' id='word_1_52' title='bbox 417 1042 578 1115; x_wconf 85' lang='lat' dir='ltr'>postquam</span> <span class='ocrx_word' id='word_1_53' title='bbox 593 1039 671 1097; x_wconf 92' lang='lat' dir='ltr'>nihil</span> <span class='ocrx_word' id='word_1_54' title='bbox 692 1038 803 1097; x_wconf 87' lang='lat' dir='ltr'>hostile</span> <span class='ocrx_word' id='word_1_55' title='bbox 822 1041 1048 1120; x_wconf 82' lang='lat' dir='ltr'>metuebatur⁶,</span> <span class='ocrx_word' id='word_1_56' title='bbox 1071 1045 1108 1103; x_wconf 91' lang='lat' dir='ltr'>ad</span> 
     </span>
     <span class='ocr_line' id='line_1_10' title="bbox 166 1135 1108 1213; baseline 0.006 -20"><span class='ocrx_word' id='word_1_57' title='bbox 166 1135 258 1195; x_wconf 86' lang='lat' dir='ltr'>duces</span> <span class='ocrx_word' id='word_1_58' title='bbox 280 1137 416 1213; x_wconf 88' lang='lat' dir='ltr'>partium</span> <span class='ocrx_word' id='word_1_59' title='bbox 440 1152 635 1212; x_wconf 79' lang='lat' dir='ltr'>progressum</span> <span class='ocrx_word' id='word_1_60' title='bbox 648 1137 689 1193; x_wconf 78' lang='lat' dir='ltr'>‘et</span> <span class='ocrx_word' id='word_1_61' title='bbox 711 1136 861 1194; x_wconf 84' lang='lat' dir='ltr'>Caesarem</span> <span class='ocrx_word' id='word_1_62' title='bbox 882 1138 1108 1199; x_wconf 86' lang='lat' dir='ltr'>consalutatum</span> 
     </span>
    </p>
   </div>
   <div class='ocr_carea' id='block_1_3' title="bbox 167 1233 1107 1395">
    <p class='ocr_par' dir='ltr' id='par_1_4' title="bbox 167 1233 1107 1395">
     <span class='ocr_line' id='line_1_11' title="bbox 167 1233 1107 1314; baseline 0.006 -22"><span class='ocrx_word' id='word_1_63' title='bbox 167 1235 257 1294; x_wconf 87' lang='lat' dir='ltr'>miles</span> <span class='ocrx_word' id='word_1_64' title='bbox 272 1235 416 1312; x_wconf 82' lang='lat' dir='ltr'>frequens</span> <span class='ocrx_word' id='word_1_65' title='bbox 426 1238 520 1310; x_wconf 87' lang='lat' dir='ltr'>utque</span> <span class='ocrx_word' id='word_1_66' title='bbox 535 1236 602 1294; x_wconf 86' lang='lat' dir='ltr'>erat</span> <span class='ocrx_word' id='word_1_67' title='bbox 617 1235 649 1293; x_wconf 91' lang='lat' dir='ltr'>in</span> <span class='ocrx_word' id='word_1_68' title='bbox 664 1233 759 1293; x_wconf 87' lang='lat' dir='ltr'>armis</span> <span class='ocrx_word' id='word_1_69' title='bbox 774 1234 807 1293; x_wconf 89' lang='lat' dir='ltr'>in</span> <span class='ocrx_word' id='word_1_70' title='bbox 820 1236 968 1311; x_wconf 86' lang='lat' dir='ltr'>paternos</span> <span class='ocrx_word' id='word_1_71' title='bbox 982 1242 1107 1314; x_wconf 86' lang='lat' dir='ltr'>penates</span> 
     </span>
     <span class='ocr_line' id='line_1_12' title="bbox 168 1333 307 1395; baseline 0.022 -3"><span class='ocrx_word' id='word_1_72' title='bbox 168 1333 307 1395; x_wconf 81' lang='lat' dir='ltr'>deduxit.</span> 
     </span>
    </p>
   </div>
   <div class='ocr_carea' id='block_1_4' title="bbox 167 1483 1107 1694">
    <p class='ocr_par' dir='ltr' id='par_1_5' title="bbox 167 1483 1107 1694">
     <span class='ocr_line' id='line_1_13' title="bbox 201 1483 1107 1565; baseline 0.002 -18"><span class='ocrx_word' id='word_1_73' title='bbox 201 1504 223 1547; x_wconf 85' lang='lat'>5.</span> <span class='ocrx_word' id='word_1_74' title='bbox 242 1498 387 1562; x_wconf 78' lang='lat' dir='ltr'>imputare,</span> <span class='ocrx_word' id='word_1_75' title='bbox 405 1514 432 1548; x_wconf 79' lang='lat' dir='ltr'>se</span> <span class='ocrx_word' id='word_1_76' title='bbox 444 1497 506 1548; x_wconf 73' lang='lat' dir='ltr'>faire</span> <span class='ocrx_word' id='word_1_77' title='bbox 517 1515 552 1548; x_wconf 89' lang='lat' dir='ltr'>un</span> <span class='ocrx_word' id='word_1_78' title='bbox 564 1499 629 1548; x_wconf 72' lang='lat' dir='ltr'>md·</span> <span class='ocrx_word' id='word_1_79' title='bbox 662 1507 713 1548; x_wconf 91' lang='lat' dir='ltr'>met</span> <span class='ocrx_word' id='word_1_80' title='bbox 724 1514 782 1550; x_wconf 81' lang='lat' dir='ltr'>avec</span> <span class='ocrx_word' id='word_1_81' title='bbox 798 1483 930 1564; x_wconf 75' lang='lat' dir='ltr'>postquam</span> <span class='ocrx_word' id='word_1_82' title='bbox 946 1515 1013 1565; x_wconf 92' lang='lat' dir='ltr'>pour</span> <span class='ocrx_word' id='word_1_83' title='bbox 1028 1499 1107 1565; x_wconf 82' lang='lat' dir='ltr'>expri-</span> 
     </span>
     <span class='ocr_line' id='line_1_14' title="bbox 167 1561 1105 1627; baseline 0.003 -15"><span class='ocrx_word' id='word_1_84' title='bbox 167 1561 223 1612; x_wconf 86' lang='lat' dir='ltr'>rite.</span> <span class='ocrx_word' id='word_1_85' title='bbox 237 1564 265 1614; x_wconf 90' lang='lat' dir='ltr'>V.</span> <span class='ocrx_word' id='word_1_86' title='bbox 280 1564 304 1622; x_wconf 91' lang='lat' dir='ltr'>l,</span> <span class='ocrx_word' id='word_1_87' title='bbox 318 1572 355 1622; x_wconf 86' lang='lat'>38,</span> <span class='ocrx_word' id='word_1_88' title='bbox 369 1574 428 1614; x_wconf 86' lang='lat' dir='ltr'>note</span> <span class='ocrx_word' id='word_1_89' title='bbox 440 1572 462 1614; x_wconf 82' lang='lat'>5.</span> <span class='ocrx_word' id='word_1_90' title='bbox 662 1581 715 1614; x_wconf 85' lang='lat' dir='ltr'>mer</span> <span class='ocrx_word' id='word_1_91' title='bbox 726 1581 776 1615; x_wconf 90' lang='lat' dir='ltr'>unc</span> <span class='ocrx_word' id='word_1_92' title='bbox 788 1565 952 1616; x_wconf 77' lang='lat' dir='ltr'>situation.‘V.</span> <span class='ocrx_word' id='word_1_93' title='bbox 963 1567 1062 1625; x_wconf 68' lang='lat' dir='ltr'>Gantr„</span> <span class='ocrx_word' id='word_1_94' title='bbox 1070 1573 1105 1627; x_wconf 80' lang='lat'>37,</span> 
     </span>
     <span class='ocr_line' id='line_1_15' title="bbox 201 1629 801 1694; baseline 0.007 -16"><span class='ocrx_word' id='word_1_95' title='bbox 201 1635 223 1678; x_wconf 77' lang='grc'>6.</span> <span class='ocrx_word' id='word_1_96' title='bbox 246 1630 411 1680; x_wconf 79' lang='lat' dir='ltr'>Metuedatar.</span> <span class='ocrx_word' id='word_1_97' title='bbox 435 1629 562 1694; x_wconf 85' lang='lat' dir='ltr'>L&#39;impars.</span> <span class='ocrx_word' id='word_1_98' title='bbox 586 1645 613 1681; x_wconf 84' lang='lat' dir='ltr'>se</span> <span class='ocrx_word' id='word_1_99' title='bbox 663 1638 690 1690; x_wconf 82' lang='lat'>2,</span> <span class='ocrx_word' id='word_1_100' title='bbox 704 1647 765 1682; x_wconf 88' lang='lat' dir='ltr'>rem.</span> <span class='ocrx_word' id='word_1_101' title='bbox 779 1637 801 1682; x_wconf 84' lang='lat'>2.</span> 
     </span>
    </p>
   </div>
   <div class='ocr_carea' id='block_1_5' title="bbox 0 0 1180 3922">
    <p class='ocr_par' dir='ltr' id='par_1_6' title="bbox 0 0 1180 3922">
     <span class='ocr_line' id='line_1_16' title="bbox 0 0 1180 3922; baseline 0 0"><span class='ocrx_word' id='word_1_102' title='bbox 0 0 1180 3922; x_wconf 95' lang='lat' dir='ltr'> </span> 
     </span>
    </p>
   </div>
  </div>
 </body>
</html>
