2346 3922
55 276 59 284 .
138 231 199 293 330

139 396 232 437 nuere
247 396 284 436 ne
300 395 424 437 summas
445 377 508 436 rei⁴
529 376 699 453 periculum
719 375 845 436 faceret.
873 377 919 435 Eo
939 374 1077 452 rapidius·

138 477 283 546 Cerialis,
300 477 402 534 missis
418 477 450 533 in
465 477 714 534 Mediomatricos
730 476 787 551 'qui
803 477 947 534 breviore
967 476 1072 534 itinere

136 574 272 650 legiones
302 575 334 631 in
363 575 479 631 hostem
508 576 680 643 verterent,
715 575 873 631 contracto
905 573 985 648 quod
1011 574 1073 630 erat

136 673 269 731 militum
284 673 472 747 Mogontiaci
488 675 694 747 quantumque
716 689 818 730 secum
838 673 1071 738 transvexerat,

49 816 54 823 ,
127 771 239 828 tertiis
257 769 385 827 castris⁵
406 768 612 842 Rigodulum⁶
627 769 729 838 venit,
744 786 833 843 quem
847 768 949 826 locum
965 784 1074 842 magna

137 867 341 923 Treverorum
356 883 446 923 manu
462 865 646 924 Valentinus
662 864 832 934 insederat,
850 866 1009 923 montibus
1024 865 1075 922 aut

136 963 264 1022 Mosella
284 981 373 1022 amne
394 966 537 1039 saeptum;
566 965 597 1021 et
616 948 776 1022 addiderat
795 963 893 1022 fossas
915 965 1074 1038 obicesque

136 1079 289 1120 saxorum.
327 1063 392 1120 Nec
421 1062 596 1120 deterruere
622 1079 658 1119 ea
682 1062 873 1119 munimenta
903 1063 1074 1121 Romanum

136 1159 241 1216 ducem
260 1177 319 1234 quo
341 1160 441 1217 minus
456 1159 589 1234 peditem
611 1175 807 1234 perrumpere
825 1157 968 1233 juberet,
994 1159 1073 1233 equi-

134 1259 199 1315 tum
225 1259 321 1315 aciem
348 1259 378 1315 in
405 1258 512 1315 collem
540 1258 703 1332 erigeret⁷,
731 1259 833 1333 spreto
856 1258 958 1326 hoste,
988 1275 1075 1331 quem

135 1356 249 1413 temore
278 1356 438 1413 collectum
458 1356 538 1413 haud
565 1356 610 1413 ita
630 1355 695 1413 loco
712 1353 839 1430 juvari⁸
864 1358 899 1412 ut
924 1373 986 1413 non
1008 1354 1075 1430 plus

135 1453 198 1510 suis
214 1453 244 1509 in
259 1453 377 1510 virtute
398 1452 487 1511 foret.
510 1451 642 1511 Paulum
656 1469 749 1510 morae
765 1453 796 1508 in
812 1453 976 1521 adscensu,
1004 1452 1076 1509 dum

135 1550 265 1608 missilia
276 1549 410 1608 hostium
421 1552 675 1626 praevehuntur⁹;
689 1553 724 1608 ut
735 1553 862 1609 ventum
877 1551 910 1608 in
922 1551 1072 1618 manus¹⁰,

135 1647 289 1706 deturbati
315 1649 412 1706 ruinae
427 1649 514 1706 modo
539 1649 776 1724 praecipitantur
784 1651 817 1706 ¹¹.
845 1651 886 1708 Et
900 1667 973 1725 pars
994 1648 1076 1723 equi-

133 1749 199 1803 tum
214 1747 398 1821 aequioribus
415 1747 500 1822 jugis
515 1749 721 1805 circumvecta
742 1747 949 1806 nobilissimos
965 1747 1074 1823 Belga·
1109 1776 1112 1782 ,

134 1862 202 1902 rum
212 1846 249 1912 ¹2,
267 1846 299 1902 in
314 1846 382 1920 quis
397 1845 502 1903 ducem
518 1846 732 1915 Valentinum,
757 1847 848 1922 cepit.

362 245 505 288 CORNELII
526 243 626 288 rnclrl
646 243 860 288 fflsronmnum

175 1974 226 2033 72.
251 1974 379 2032 Cerialis
404 1976 526 2049 postero
546 1973 595 2031 die
616 1975 784 2033 coloniam¹
806 1976 1012 2033 Treverorum
1029 1975 1075 2032 in-

132 2087 254 2145 gressus
280 2075 339 2140 est,
358 2073 448 2130 avido
474 2072 573 2130 milite
598 2073 758 2131 eruendae*
787 2073 951 2132 civitatis:
984 2074 1076 2131 Hanc

132 2189 197 2230 esse
219 2172 363 2242 Classici,
393 2174 471 2231 hanc
496 2174 621 2231 Tutoris
646 2175 794 2248 patriam;
823 2174 932 2231 horum
959 2172 1077 2231 scelere

131 2271 250 2329 clausas
272 2289 425 2346 caesasque
456 2271 604 2346 legiones.
641 2272 720 2336 Quid
745 2274 866 2330 tantum
891 2272 1077 2330 Cremonam

131 2369 307 2436 meruissei,
325 2386 416 2442 quam
431 2386 447 2425 e
462 2369 579 2444 gremio
601 2367 702 2426 Italiae
716 2370 868 2442 raptam⁴,
886 2368 961 2442 quia
981 2368 1077 2425 unius

131 2465 229 2522 noetis
255 2482 371 2542 moram
391 2465 561 2523 victoribus
581 2465 744 2523 attulerit?
769 2465 860 2524 Stare
882 2464 914 2521 in
941 2465 1077 2522 confinio

164 2624 187 2665 4.
206 2616 313 2665 Stemma
331 2619 370 2665 rei
379 2618 521 2678 perdendum
538 2617 577 2680 sa·

132 2698 193 2739 cero,
201 2680 352 2744 risquerune
363 2681 447 2731 affaire
459 2680 574 2731 decisivo.

166 2755 187 2796 5.
217 2747 305 2797 Tertiis
327 2751 428 2805 castris,
461 2763 492 2796 en
516 2746 576 2796 trois

132 2812 252 2862 marchas.
275 2813 378 2877 Chaque
395 2812 450 2861 nuit
467 2829 499 2862 on
516 2812 577 2862 s‘en-

133 2877 223 2927 tourait
235 2878 266 2926 de
276 2879 500 2937 retranchemenls;
512 2878 543 2927 de
552 2879 575 2926 ld

131 2942 302 3007 l'expression.

164 3017 186 3058 6.
207 3010 371 3072 Rigodulum,
386 3008 435 3071 auj.
446 3009 520 3066 Reol,
534 3025 576 3056 sur

131 3075 154 3123 la
168 3075 283 3130 Mosella,
297 3090 329 3122 au
341 3075 403 3124 nord
416 3074 447 3123 de
459 3075 555 3123 Treves.

164 3148 185 3187 7.
205 3141 332 3202 Eriperet,
344 3141 371 3189 V.
383 3140 426 3196 lll,
440 3147 476 3195 71,
486 3148 572 3188 noter.

163 3213 185 3255 8.
213 3206 317 3262 lavari,
346 3204 489 3269 dependunt
514 3205 573 3253 d'un

130 3269 204 3319 verbe
229 3269 360 3318 dc'olaratil
385 3271 572 3319 sous-entendu.

130 3337 157 3384 V.
165 3335 228 3383 l’inl.
236 3335 511 3392 aveclerelatil,Ganu·.
523 3344 572 3386 163.

163 3408 184 3448 9.
204 3402 389 3451 preveniamur
409 3417 443 3450 sc.
468 3404 572 3463 eqlcites,

121 3478 174 3516 tant
199 3466 275 3536 qu'ils
300 3471 432 3536 passerem
455 3485 513 3519 sous
539 3469 576 3517 les

110 3535 185 3586 trans
199 3537 230 3589 dc
243 3537 378 3589 l'ennemi.

662 2625 696 2667 10.
717 2618 747 2666 ln
763 2633 854 2666 manua
865 2640 898 2658 =
909 2619 943 2665 ud
954 2633 1057 2667 marius.

662 2691 697 2733 ll.
717 2683 925 2744 Praeponatur,
949 2683 1075 2733 lesenne-

627 2747 673 2797 mis
687 2749 769 2798 forent
776 2747 891 2797 culbute's
903 2757 927 2795 st
939 2748 1075 2813 precipites

627 2829 722 2864 comme
734 2815 769 2862 les
781 2812 864 2862 debris
876 2811 951 2861 d'une
964 2814 1047 2864 ruine.

662 2888 696 2929 12.
716 2880 849 2942 Belcarum
870 2877 973 2943 designo
989 2879 1022 2928 ici
1040 2882 1076 2929 les

626 2947 736 2995 Tre'rires
749 2955 773 2992 ot
791 2945 826 2992 les
839 2943 956 3009 Lingons.

661 3020 714 3060 n.
726 3009 1044 3068 1.coroniam.v.ch.oa,n.
1053 3019 1073 3060 1.

659 3085 681 3125 2.
700 3079 810 3131 Eram,
833 3076 944 3125 delruire
964 3074 995 3123 de
1013 3075 1075 3125 fond

625 3157 656 3190 en
669 3142 774 3192 comble.

658 3215 680 3257 3.
699 3208 766 3270 Quid
777 3233 810 3242 —-
821 3207 962 3255 sternuisse?
979 3206 1045 3266 Quel
1054 3206 1074 3255 si

625 3273 703 3337 grand
713 3272 788 3324 crime
802 3271 889 3319 adone
901 3269 1004 3320 commis
1017 3272 1075 3321 Cre

626 3340 712 3400 moue?
721 3339 749 3387 V.
758 3336 801 3393 lll,
809 3344 845 3393 20,
857 3354 882 3385 n.
891 3345 914 3393 2,
926 3347 954 3401 pr
964 3335 1039 3396 lint,
1050 3348 1075 3387 et

625 3411 662 3460 32,
676 3419 719 3451 sur
731 3405 754 3452 lo
763 3411 813 3450 sort
825 3402 857 3450 dc
866 3403 996 3451 Cre'mone.

657 3477 679 3516 4.
701 3470 808 3530 Ruptum
823 3477 942 3516 sous—ont.
962 3484 1027 3519 esse.
1045 3471 1072 3520 V.

633 3550 697 3600 pour
706 3533 773 3581 lint.
784 3533 872 3587 clati,
880 3543 939 3580 nole
948 3540 973 3580 S.
