2346 3922
987 245 1047 305 297

113 390 197 448 tores
218 391 305 461 dato,
334 391 413 466 petit
433 408 452 448 a
477 392 607 452 Caesare
616 397 638 432 ¹⁵
665 395 777 455 Junius
798 393 987 452 Mauricus¹⁶
1013 395 1048 451 ut

113 492 399 550 commentariorum
408 493 432 530 ¹⁷
463 494 679 570 principalium
711 498 893 571 potestatem
927 495 1047 553 senatui

112 589 243 659 faceret,
267 608 322 665 per
340 608 415 665 quos
434 595 572 650 nosceret
593 610 682 666 quern
701 593 829 668 quisque
844 591 1047 650 accusandum

112 689 310 763 poposcisset.
345 689 567 748 Consulendum
600 690 656 748 tali
689 708 781 767 super
812 707 846 748 ra
877 689 1048 765 principem

114 787 283 861 respondit.

366 263 457 306 urana
477 266 520 320 nv.
545 264 610 308 aar.
636 247 768 308 40-41,

155 899 207 957 41.
224 898 366 967 Senatus,
383 899 596 958 inchoantibus
610 900 806 976 primoribus,
819 896 871 973 jus
881 896 1048 972 jurandum

115 995 282 1070 concepit1,
310 1013 369 1070 quo
394 998 535 1055 certatim
565 1015 668 1054 omnes
693 997 922 1071 magistratus²,
953 993 1048 1052 ceteri

115 1095 149 1151 ut
178 1095 361 1152 sententiam
389 1095 593 1170 rogabantur,
625 1096 696 1153 deos
720 1096 814 1152 testes
839 1092 1045 1161 advocabant,

115 1190 193 1247 nihil
208 1209 263 1266 ope
283 1209 339 1250 sua
356 1190 469 1250 factum
490 1211 548 1267 quo
570 1192 747 1268 cujusquam
769 1192 850 1250 salus
871 1191 1045 1259 laederetur,

115 1304 212 1362 noque
231 1307 262 1346 se
283 1290 441 1365 praemium
461 1293 514 1348 aut
530 1292 674 1350 honorem
690 1310 728 1349 cx
743 1291 918 1349 calamitate
933 1289 1048 1346 civium

115 1387 244 1461 cepisse,
270 1389 400 1463 trepidis
426 1392 456 1446 et
481 1390 575 1448 verba
590 1465 593 1468 ἢ
601 1389 683 1465 juris
709 1389 836 1465 jurandi
861 1406 916 1463 per
945 1388 1048 1446 varias
1116 1452 1118 1456 ,

115 1484 197 1541 artos
213 1486 402 1544 mutantibus
421 1489 489 1563 quis
503 1489 615 1564 fiagitii
631 1488 819 1548 conscientia
845 1487 956 1546 inerat.
974 1488 1048 1545 Pro-

114 1581 247 1638 babant³
276 1581 455 1656 religionem
489 1588 614 1661 patres,
651 1585 820 1662 perjurium
855 1585 1046 1660 arguebant;

115 1696 210 1754 eaque
243 1679 327 1737 velut
359 1685 510 1742 censural
545 1686 576 1742 in
613 1685 804 1743 Sariolenum
838 1684 986 1744 Voculam
1018 1686 1049 1741 et

114 1775 248 1834 Nonium
283 1777 444 1836 Attianum
479 1782 509 1838 et
549 1781 683 1840 Cestium
716 1771 880 1839 Severum
901 1782 1049 1840 acerrime

115 1875 269 1945 incubuit,
287 1878 402 1936 crebris
420 1879 499 1953 apud
518 1879 670 1938 Neronem
683 1880 891 1939 delationibus
904 1880 1046 1938 famosos.

115 1972 307 2030 Sariolenum
337 1976 368 2031 et
398 1992 504 2033 recens
535 1976 649 2034 crimen
682 1978 827 2050 urgebat,
861 1979 940 2053 quod
969 1979 1049 2053 apud

115 2068 275 2127 Vitellium
304 2071 428 2130 molitus
457 2074 560 2131 eadem
587 2072 681 2143 foret;
708 2093 762 2134 nec
789 2078 909 2136 destitit
927 2081 1050 2136 sanatus

115 2186 222 2226 manus
253 2170 408 2229 intentare
438 2170 588 2239 Voculae,
622 2172 717 2230 donec
753 2177 838 2234 curia
876 2176 1046 2236 excederet.

114 2267 162 2325 Ad
182 2268 328 2326 Paccium
349 2268 527 2328 Africanum
544 2271 730 2344 transgressi
752 2290 820 2330 eum
840 2290 959 2347 quoque
984 2290 1050 2348 pro-

115 2368 258 2438 turbant,
275 2371 449 2445 tamquam⁵
464 2370 581 2429 Neroni
597 2370 773 2430 Scribonios
788 2371 918 2429 fratres⁶
932 2388 1051 2429 concor·
1112 2442 1116 2448 ,

150 2539 185 2580 15.
206 2532 317 2588 Caesare,
334 2530 465 2580 Domitian.
642 2540 664 2581 2.
678 2534 847 2595 Maptstratns.
856 2532 903 2581 Les
912 2531 1050 2597 magistrats

150 2603 185 2644 16.
204 2597 228 2647 J.
239 2598 367 2646 Mauricus
379 2596 416 2646 lut
429 2596 504 2646 banni
514 2613 558 2661 par

116 2661 257 2721 Domitian,
290 2663 386 2711 deveuu
417 2678 556 2727 empereur,

116 2743 147 2776 en
168 2732 246 2777 meme
267 2737 345 2792 temps
366 2744 414 2792 que
431 2744 475 2776 sou
494 2728 558 2778 frore

115 2792 204 2842 Junius
225 2793 348 2842 Arule'nus
374 2794 489 2843 Rusticus
521 2792 558 2843 fut

116 2858 253 2908 condamuc
276 2863 290 2907 t
318 2868 382 2908 mort
407 2875 470 2923 pour
492 2859 558 2908 avoir

116 2924 176 2974 ecrit
188 2924 274 2988 l‘eloge
282 2923 471 2973 deThrasea.V.
480 2924 525 2989 Ag.
533 2933 554 2973 2.

150 2999 185 3040 17.
215 2990 456 3041 Commentariorum
484 2993 556 3052 prin·

116 3059 248 3120 ripaltam,
280 3054 398 3120 registres‘
419 3055 481 3103 dans
509 3055 556 3103 les-

117 3122 187 3186 qucls
201 3123 236 3169 les
248 3120 346 3184 princes
359 3119 472 3168 laisaient
483 3135 558 3169 anno-

116 3198 153 3236 ter
172 3187 230 3251 jour
253 3202 297 3250 par
322 3184 380 3248 jour
402 3184 438 3233 les
460 3183 557 3234 affaires

115 3254 176 3301 dont
189 3252 219 3300 ils
231 3250 404 3315 s'occupaicnt.

151 3326 204 3365 ΔΙ.
225 3326 245 3364 l.
256 3317 379 3379 Concepit.
388 3317 421 3365 Le
430 3319 507 3373 se'nat,
516 3331 559 3364 sur

116 3382 253 3432 l'initiativc
283 3382 314 3431 de
343 3398 382 3430 ses
410 3380 558 3446 principaux

117 3449 253 3504 mambrem
268 3447 372 3496 formula
389 3463 421 3496 un
440 3456 556 3495 serment.

116 3516 145 3564 V.
155 3529 203 3564 unc
214 3523 283 3563 autre
295 3513 358 3578 sign.
367 3513 406 3562 ch.
416 3520 452 3573 31,
464 3521 521 3563 note
533 3520 555 3562 3.

608 2598 740 2663 pouvaicnt
760 2597 867 2663 prendre
885 2596 910 2647 la
925 2598 1009 2662 parole
1026 2607 1050 2646 et

607 2668 690 2728 preter
708 2673 815 2712 serment
836 2679 892 2711 sans
910 2679 925 2728 y
943 2667 994 2712 etro
1012 2662 1048 2711 in-

608 2728 681 2787 vite‘s;
694 2729 731 2777 lca
739 2737 824 2778 notras
837 2731 963 2777 se'nateurs
975 2731 989 2776 h
1001 2744 1050 2777 mc-

607 2810 664 2843 sure
684 2809 733 2858 quc
754 2795 778 2843 lc
801 2793 928 2859 pre'sident
950 2794 986 2843 les
1009 2809 1050 2859 ap-

625 2860 691 2909 elait.

607 2875 623 2924 p
641 2933 662 2973 3.
693 2924 837 2973 Probubant
851 2951 884 2959 -
895 2924 1046 2986 annuebant,

606 2988 784 3054 approuvaient
795 2989 861 3038 leurs
873 2990 1014 3053 scrupulos,
1026 2998 1051 3038 ct

606 3055 768 3120 protestaicnt
776 3064 861 3103 contre
873 3055 896 3104 le
908 3053 1015 3119 parjura.

640 3129 662 3169 4.
681 3120 766 3183 anue
788 3122 855 3169 celat
877 3135 996 3178 camara,
1021 3135 1050 3168 ce

608 3185 646 3234 lut
672 3201 766 3234 comme
794 3200 843 3233 unc
874 3201 978 3234 censure
1007 3184 1050 3251 qui

607 3251 695 3315 trappa
707 3251 730 3298 le
747 3249 804 3315 plus
821 3250 982 3299 durement...

641 3324 662 3365 5.
684 3316 833 3379 Tamquam,
852 3330 924 3379 parce
942 3331 1004 3380 que,
1018 3331 1049 3364 vu

607 3397 671 3447 que,
684 3391 732 3430 etc.
748 3382 775 3430 V.
787 3397 823 3446 gr.
837 3380 869 3429 de
880 3381 937 3429 Tac.
948 3387 960 3440 5
973 3388 1022 3430 130.

640 3454 662 3494 6.
681 3447 821 3496 Scribonios
841 3446 945 3509 [ratres.
970 3445 1049 3496 Rufus

607 3510 751 3563 Scribonius
771 3521 796 3561 et
816 3511 934 3561 Proculus
954 3510 1051 3560 Scribo·

941 3606 979 3657 17*
