2346 3922
182 180 243 278 aaa

181 329 324 405 proelium
339 347 402 388 mos
422 333 483 400 est,
507 332 605 389 mixta
625 330 697 388 belli
719 330 821 389 civilis
842 331 1024 408 externique
1044 330 1125 391 faeie

180 428 445 504 obstupefecerant
464 430 611 488 obsessos
639 431 679 488 Et
699 447 782 505 spem
805 433 1051 508 oppugnantium
1070 449 1123 490 au·

179 528 271 602 gebat
285 528 453 603 amplitudo
468 527 561 610 valli,
585 527 664 603 quod
686 527 803 587 duabus
817 527 992 604 legionibus
1008 529 1123 589 situm⁸

178 626 233 683 vix
247 627 381 702 quinque
395 626 493 684 millia
507 629 695 685 armatorum
710 627 919 686 Romanorum
933 628 1118 698 tuebantur;

178 724 230 782 sed
250 723 384 783 lixarum
399 726 563 784 multitudo
588 727 713 784 turbata
733 744 807 803 pace
833 727 906 805 illue
930 730 1121 804 congregata

179 824 210 879 et
224 821 303 879 bello
315 822 480 906 ministral
495 825 612 884 aderat

218 921 268 981 23.
268 898 373 999 ,Pars
394 923 597 980 castrorum'
590 941 621 980 rn
648 923 753 981 collem
779 924 892 983 leniter
913 925 1114 1000 exsurgens¹,

179 1007 264 1096 pars
275 1023 380 1095 aequo²
401 1021 505 1079 adibat
492 1023 554 1079 t.ur
586 1022 705 1097 Quippe
731 1022 794 1080 illis
819 1022 958 1080 hibernis
983 1021 1117 1081 obsideri

177 1119 334 1194 premique
350 1119 531 1177 Germanias
546 1119 704 1194 Augustus
719 1119 908 1188 crediderat,
933 1137 1032 1195 neque
1054 1137 1117 1177 um·

177 1234 267 1292 quam
294 1219 324 1275 id
349 1218 576 1287 malorum³‚u
557 1219 774 1295 utoppugnat
776 1236 827 1276 um
852 1217 953 1275 ultro⁴
979 1219 1117 1293 legiones

178 1316 299 1372 nostras
323 1314 483 1384 venirent;
513 1315 583 1372 inde
604 1332 665 1372 non
686 1315 771 1372 looo⁵
797 1332 894 1389 neque
916 1315 1117 1374 munimentis

177 1414 283 1472 labor⁶
298 1414 437 1484 additus;
458 1415 506 1473 vis
528 1416 558 1472 et
580 1431 666 1472 arma
686 1415 762 1473 satis
783 1414 975 1491 placebant⁷.
1004 1414 1116 1472 Batavi

177 1513 483 1588 Transrhenanique,
498 1529 556 1587 quo
568 1512 701 1570 discreta
712 1513 813 1571 virtus
824 1510 1019 1570 manifestius
1034 1529 1116 1587 speo-

176 1610 307 1679 teretur,
326 1610 404 1668 sibi⁸
430 1626 556 1684 quaeque
578 1627 653 1685 gens
674 1609 862 1679 consistunt,
887 1610 1007 1668 eminus
1021 1610 1115 1668 laces-

177 1709 289 1767 sentes.
311 1709 388 1766 Post
402 1708 454 1766 ubi
469 1710 615 1784 pleraque
628 1708 760 1766 telorum
774 1709 913 1769 turribus
930 1710 1115 1786 pinnisque⁹

176 1808 322 1865 moenium
342 1809 433 1866 irrita
447 1808 605 1866 haerebant
620 1811 651 1866 et
666 1809 796 1883 desuper
811 1807 894 1866 saxis
909 1808 1115 1868 vulneraban-

175 1907 238 1975 tur,
256 1906 388 1964 olamore
403 1908 494 1981 atque
510 1905 625 1979 impetu
648 1905 790 1962 invasere
804 1904 935 1974 vallum,
963 1908 1114 1981 appositis

410 196 554 240 conusnn
574 197 675 241 mmm
694 189 908 242 utsronmnum

175 2004 314 2079 plerique
330 2006 434 2075 scalis,
453 2005 508 2063 alii
523 1985 579 2080 pe⁸r
592 2003 777 2061 testudinem
793 2019 917 2063 suorum
926 2003 964 2072 ¹⁰3
989 2006 1113 2064 scande-

174 2103 309 2178 bantque
319 2102 381 2178 jam
393 2104 527 2179 quidam,
542 2121 609 2161 oum
622 2102 733 2178 gladiis
745 2105 775 2162 et
787 2119 941 2162 armorum
950 2104 971 2140 ¹¹
987 2104 1112 2165 incussu

173 2200 360 2275 praecipitati
390 2201 515 2259 sudibus
545 2201 575 2257 et
603 2198 676 2275 pilis
704 2200 891 2270 obruuntur,
930 2201 1113 2277 praeferoces

173 2298 265 2355 initio
280 2299 311 2355 et
326 2298 417 2358 rebus
428 2300 569 2359 secundis
585 2300 683 2359 nimii.
699 2299 758 2358 Sed
769 2303 835 2358 tum
847 2300 957 2376 praedae
968 2303 1112 2378 cupidine

205 2464 227 2506 8.
246 2457 468 2522 Situmldeciao),
485 2455 614 2507 construit.
666 2459 767 2507 memes.
788 2457 817 2507 V.
836 2457 969 2522 lQexplicat
991 2459 1027 2510 du
1042 2470 1111 2522 mot

204 2546 226 2587 9.
244 2539 276 2588 Et
298 2540 359 2588 bello
382 2541 501 2588 ministro
516 2537 614 2596 oderat,
667 2521 691 2579 Ῑ
705 2529 727 2579 ⁷
743 2530 836 2572 ΠΟῑθἿ·

171 2621 186 2669 y
210 2603 290 2653 faisait
315 2607 383 2654 arceat
411 2604 434 2654 le
457 2603 550 2654 service
573 2605 616 2652 mi-

172 2669 263 2718 litaire.

206 2743 259 2784 n.
280 2743 300 2783 l.
318 2735 474 2797 Eaeurpcaa,
494 2744 613 2784 sous-ent.

171 2807 234 2849 crat.
256 2799 294 2849 Gi.
313 2801 434 2863 sculpentes
447 2803 525 2849 armis
542 2803 614 2849 airis-

170 2880 216 2927 que
235 2868 330 2927 compi,
351 2881 385 2915 so.
407 2873 492 2923 crant,
518 2866 554 2924 ll,
575 2873 611 2916 22.

168 2930 261 2994 Siquis
274 2933 413 2981 cadamo...
431 2930 562 2996 cffutpeos,
576 2948 611 2981 sc.

167 3003 230 3045 crat.
248 2996 288 3052 lV,
302 3003 338 3046 89.

200 3085 222 3127 2.
240 3078 333 3140 AEquo,
354 3076 404 3126 abl.
423 3080 437 3125 d
456 3078 480 3126 la
497 3077 612 3142 question

167 3158 233 3204 quo:
254 3158 298 3207 par
318 3143 341 3190 la
360 3142 452 3207 plaine.
474 3144 502 3192 V.
523 3144 609 3193 Gantr

170 3215 223 3264 182,
238 3216 264 3265 4,
279 3224 338 3256 rem.

200 3295 222 3337 8.
236 3289 266 3337 Id
273 3290 408 3348 mulorum,
417 3305 484 3339 sous·
475 3299 536 3340 -ent
544 3293 609 3355 sore

167 3353 195 3402 V.
207 3369 243 3418 gr
255 3353 287 3402 de
299 3354 356 3404 Tac.
369 3362 419 3405 160

199 3441 221 3482 4.
244 3432 327 3495 Ultro,
347 3436 383 3485 les
404 3435 532 3488 Germains
551 3452 610 3488 euu-

698 2594 720 2636 5
741 2587 898 2653 Locossieu),
912 2588 1030 2654 position.

696 2659 718 2701 8.
737 2653 829 2710 Labor,
842 2652 1009 2704 destravaux.

697 2725 719 2765 7.
739 2717 805 2768 Satis
825 2720 971 2782 placebunt,
994 2722 1019 2770 la
1042 2722 1109 2775 lotoe

664 2783 708 2832 des
720 2799 800 2832 armes
812 2784 927 2834 semblait
937 2784 1075 2838 suffisaute.

696 2855 718 2897 8
737 2849 791 2898 Sibi
796 2850 922 2914 ,poursoi
926 2853 1107 2917 e,e'parement.

696 2921 718 2961 9.
738 2914 839 2972 Plania,
854 2918 988 2966 crtneaux

697 2986 733 3027 lo.
763 2981 919 3030 Testudinem
940 2998 1059 3044 suoram,
1085 2985 1108 3035 la

662 3052 743 3093 tortue
761 3060 810 3110 que
822 3045 953 3096 formaicnt
964 3048 1032 3099 leurs
1043 3066 1108 3100 com·

661 3125 773 3184 pagnous
796 3126 827 3159 en
851 3121 937 3160 tenant
959 3114 1027 3163 leurs
1047 3115 1108 3166 bou-

661 3174 733 3224 cliers
746 3176 830 3225 renuis
844 3186 868 3226 et
880 3181 959 3227 serres
974 3194 1007 3228 au
1019 3179 1107 3231 dessus

660 3239 691 3288 de
705 3241 770 3290 leurs
783 3245 858 3301 tetes3
867 3242 976 3293 d'autres
987 3246 1107 3314 soldatsy

659 3307 796 3355 montaieut
806 3323 900 3357 comme
912 3325 955 3359 sur
970 3326 1004 3360 un
1017 3312 1072 3364 toit.

694 3379 729 3421 11
759 3371 896 3424 deonorum
925 3380 1050 3438 incussu,
1092 3381 1107 3428 8

658 3452 736 3502 coups
747 3437 784 3489 de
790 3437 910 3491 bouclicr
