2346 3922
112 242 152 301 40
331 259 475 303 coenatu
497 261 597 305 rncmr
618 262 830 307 msroamnuu

153 388 203 447 37.
222 408 239 443 ι(
256 388 330 454 Quis
342 388 380 448 ad
394 407 449 449 vos
464 392 678 467 processerim,
693 395 928 465 commilitones,
946 397 1048 457 dicere

113 503 174 542 non
192 504 329 562 possum,
351 489 423 564 quia
448 508 503 548 nec
528 492 684 565 privatum
708 511 756 551 me
776 510 887 551 vocare
912 496 1048 554 sustineo

112 584 254 659 princeps
269 602 288 642 a
302 586 389 645 vobis
411 588 596 660 nominatus,
613 608 668 648 nec
687 592 856 666 principem
875 592 936 650 alio
956 594 1049 669 impe·

114 685 212 742 rante.
234 684 379 742 Vestrum
397 702 515 760 quoque
536 704 645 746 nomen
664 688 696 746 in
716 689 832 748 incerto
854 691 928 760 erit,
955 692 1050 750 donec

114 779 306 839 dubitabitur
323 783 536 857 imperatorem
555 786 659 860 populi
673 787 806 845 Romani
826 788 857 845 in
879 791 988 848 castris
1010 808 1050 848 an

114 879 230 937 hostem
246 881 395 943 habeatis.
413 883 576 942 Auditisne
587 888 621 942 ut
635 901 726 959 poena
740 903 807 944 mea
822 889 853 944 et
867 886 1050 962 supplicium

115 979 251 1034 vestrum
286 979 377 1036 simul
412 979 623 1055 postulentur?
654 980 738 1037 Adeo
773 981 969 1039 manifestum
1005 986 1052 1042 est

116 1092 213 1150 neque
227 1077 328 1151 perire
343 1095 398 1136 nos
419 1096 516 1154 neque
536 1078 636 1136 salvos
651 1094 716 1135 esse
737 1078 797 1136 nisi
819 1096 880 1136 uua
898 1097 1003 1154 posse;
1020 1086 1052 1141 et

88 1162 91 1167 ’
116 1173 202 1250 cujus
222 1177 377 1254 lenitatis¹
397 1179 444 1235 est
458 1175 571 1245 Galba,
593 1173 659 1250 jam
678 1174 808 1235 fortasse
827 1179 995 1251 promisit2‚
1017 1185 1052 1239 ut

116 1277 168 1350 qui
197 1275 280 1333 nullo
306 1274 487 1347 exposcente
511 1274 559 1330 tot
586 1271 702 1330 millia³
732 1275 1052 1336 innocentissimorum

115 1373 249 1431 militum
269 1371 482 1432 trucidaverit.
515 1370 632 1428 Horror
646 1371 782 1429 animum
807 1373 904 1443 subit,
932 1376 1052 1450 quoties

117 1473 260 1531 recordor
286 1470 429 1530 feralem⁴
464 1468 625 1527 introitum
657 1471 688 1526 et
716 1469 794 1528 hanc
823 1471 918 1531 solam
947 1475 1053 1533 Galbae

34 1593 38 1600 ·
117 1569 294 1638 victoriam,
328 1584 396 1626 cum
432 1567 464 1624 in
497 1565 593 1623 oculis
632 1566 717 1624 urbis
752 1567 906 1628 decumari
935 1571 1053 1632 deditos

113 1667 252 1743 juberet,
283 1682 359 1740 quos
387 1665 583 1739 deprecantes
612 1663 644 1720 in
672 1664 762 1723 fidem
793 1673 961 1744 acceperat.
995 1674 1053 1731 His

117 1765 264 1840 auspiciis
284 1764 391 1822 urbem
411 1763 582 1837 ingressus,
606 1779 696 1836 quam
721 1764 851 1839 gloriam
876 1768 914 1825 ad
939 1771 1052 1843 princi-

117 1865 223 1939 patum
237 1861 344 1921 attulit
358 1860 418 1919 nisi
434 1858 526 1918 occisi
542 1858 716 1919 Obultronii
732 1863 857 1922 Sabini5
872 1868 903 1925 et
918 1867 1053 1927 Cornelii

118 1960 278 2021 Marcelli⁶
292 1959 325 2017 in
333 1958 494 2034 Hispania,
504 1959 594 2017 Betui
610 1959 746 2020 Cilonis⁷
761 1963 793 2020 in
810 1964 927 2035 Gallia,
941 1967 1053 2026 Fontei

119 2064 277 2138 Capitonis
299 2062 330 2119 in
352 2060 532 2130 Germania,
563 2061 661 2120 Clodii
677 2061 777 2119 Macri
793 2062 825 2119 in
840 2063 960 2134 Africa,
983 2067 1053 2124 Cin-

109 2162 203 2236 ·gonii
218 2162 250 2218 in
265 2161 332 2229 via,
349 2159 522 2233 Turpiliani
538 2159 570 2216 in
585 2159 674 2227 urbe,
691 2159 861 2234 Nymphidi
876 2162 908 2219 in
924 2165 1055 2223 castrisl

120 2261 193 2326 Quae
214 2276 341 2334 usquam
358 2257 534 2334 provincia,
557 2275 624 2332 quae
639 2259 740 2316 castra
760 2261 831 2317 sunt
851 2261 911 2319 nisi
927 2267 1055 2323 cruenta

119 2362 150 2416 et
170 2358 323 2416 maculata
343 2361 413 2427 aut,
441 2360 475 2416 ut
496 2357 561 2430 ipse
586 2354 747 2430 praedicat,
766 2359 925 2418 emendata
939 2362 971 2418 et
989 2380 1054 2421 oor-

119 2457 222 2516 rectat
244 2474 314 2514 nam
330 2472 396 2532 quae
410 2456 466 2514 alii
481 2453 610 2521 scelera,
632 2453 682 2511 hio
706 2457 841 2514 remedia
855 2460 960 2527 vocat,
983 2460 1055 2520 dum

119 2555 205 2613 falsis
220 2555 393 2613 nominibus
405 2555 601 2613 severitatem
615 2570 670 2629 pro
684 2557 818 2627 saevitia,
835 2560 1056 2633 parsimoniam

119 2673 175 2730 pro
196 2654 344 2725 avaritia,
368 2655 518 2730 supplicia
543 2657 573 2713 et
598 2653 796 2712 contumelias
821 2659 940 2714 vestras
965 2658 1055 2717 disci-

120 2752 236 2828 plinam
257 2753 402 2828 appellat.
428 2754 551 2828 Septem
572 2769 591 2811 a
612 2752 745 2810 Neronis
759 2752 820 2810 fine
833 2771 951 2812 menses
967 2760 1053 2828 sunt,

121 2856 153 2911 et
173 2851 240 2928 jam
264 2852 332 2928 plus
357 2853 461 2928 rapuit
486 2852 584 2911 Icelus
609 2868 700 2927 quam
728 2852 807 2926 quod
833 2852 999 2928 Polycliti8
1025 2859 1056 2915 et

155 3005 208 3049 31.
228 2997 341 3061 LCajua
359 2998 563 3048 leniturum:
643 3004 666 3046 5.
685 2996 801 3054 Sabinou,
826 2995 914 3046 ancien
938 3010 1057 3063 questeur

78 3099 80 3104 -
118 3080 168 3127 pro
183 3067 283 3114 leuitate
299 3063 331 3127 (v.
345 3064 429 3113 Gantr.
441 3070 490 3122 184,
505 3065 541 3128 15)
554 3083 560 3111 :
611 3063 645 3112 du
658 3065 737 3110 tresor-
748 3078 806 3111 sous
817 3062 921 3112 Claude.

121 3146 152 3179 vu
164 3131 188 3178 la
200 3129 310 3178 douceur
324 3127 430 3193 (ironie).
644 3135 666 3176 6.
685 3129 825 3177 Marcellus.
846 3127 911 3176 G'est
927 3129 1058 3193 probable-

154 3203 176 3244 2.
197 3195 315 3245 reomau
328 3209 361 3242 sc.
374 3210 474 3257 poenum
482 3208 563 3242 mecm
610 3202 678 3242 ment
690 3193 714 3249 le
725 3196 804 3242 meme
816 3192 859 3256 qui
871 3192 909 3242 fut
923 3199 1057 3260 proconsul

122 3268 144 3310 ct
155 3262 308 3323 supplicium
320 3266 439 3310 oestrum.
612 3275 642 3308 cn
650 3257 724 3308 Sicile
737 3274 793 3307 sous
809 3260 898 3308 Neron.

154 3333 176 3376 3.
196 3327 284 3375 Miltia.
298 3326 325 3374 V.
339 3324 379 3374 ch.
392 3331 414 3382 6,
429 3334 486 3374 note
497 3332 520 3374 4.
645 3331 667 3372 7.
679 3324 739 3381 Cilo,
748 3322 1057 3376 inconnuPourlesnoms

154 3399 177 3441 4.
191 3389 442 3454 Ferulemlfundbre).
451 3390 565 3454 motpoc'-
613 3405 715 3455 proprcs
728 3387 848 3448 suivants,
867 3405 889 3439 v.
907 3390 946 3439 ch.
958 3399 981 3448 5,
992 3398 1019 3451 6,
1033 3400 1055 3442 7.

122 3456 199 3520 tique.
230 3455 268 3506 Cf.
300 3457 381 3507 Germ.
405 3464 451 3506 43:
475 3457 564 3522 feralis
646 3461 669 3504 8.
697 3455 846 3519 Polyclitus,
877 3453 997 3505 affranchi
1026 3457 1058 3507 de

105 3524 242 3572 eaerulus.
613 3521 704 3574 Neron.
