<?xml version="1.0" encoding="UTF-8"?>
<!DOCTYPE html PUBLIC "-//W3C//DTD XHTML 1.0 Transitional//EN"
    "http://www.w3.org/TR/xhtml1/DTD/xhtml1-transitional.dtd">
<html xmlns="http://www.w3.org/1999/xhtml" xml:lang="en" lang="en">
 <head>
  <title>
</title>
<meta http-equiv="Content-Type" content="text/html;charset=utf-8" />
  <meta name='ocr-system' content='tesseract 3.04.00' />
  <meta name='ocr-capabilities' content='ocr_page ocr_carea ocr_par ocr_line ocrx_word'/>
</head>
<body>
  <div class='ocr_page' id='page_1' title='image "./corneliitacitih00gantgoog_0131.png"; bbox 0 0 2346 3922; ppageno 0'>
   <div class='ocr_carea' id='block_1_1' title="bbox 170 237 886 296">
    <p class='ocr_par' dir='ltr' id='par_1_1' title="bbox 170 237 886 296">
     <span class='ocr_line' id='line_1_1' title="bbox 170 237 886 296; baseline -0.006 -2"><span class='ocrx_word' id='word_1_1' title='bbox 170 237 229 296; x_wconf 77' lang='grc'>118</span> <span class='ocrx_word' id='word_1_2' title='bbox 390 251 534 295; x_wconf 83' lang='lat' dir='ltr'>CORNELII</span> <span class='ocrx_word' id='word_1_3' title='bbox 556 251 655 293; x_wconf 82' lang='lat' dir='ltr'><strong>TACITI</strong></span> <span class='ocrx_word' id='word_1_4' title='bbox 676 250 886 294; x_wconf 82' lang='lat' dir='ltr'>HISTORIARUM</span> 
     </span>
    </p>
   </div>
   <div class='ocr_carea' id='block_1_2' title="bbox 168 374 1125 750">
    <p class='ocr_par' dir='ltr' id='par_1_2' title="bbox 168 374 1125 750">
     <span class='ocr_line' id='line_1_2' title="bbox 210 374 1106 459; baseline -0.008 -16"><span class='ocrx_word' id='word_1_5' title='bbox 210 382 386 459; x_wconf 84' lang='lat' dir='ltr'>Conjunctis</span> <span class='ocrx_word' id='word_1_6' title='bbox 411 381 538 442; x_wconf 84' lang='lat' dir='ltr'>Caecinae</span> <span class='ocrx_word' id='word_1_7' title='bbox 562 399 598 440; x_wconf 88' lang='lat' dir='ltr'>ao</span> <span class='ocrx_word' id='word_1_8' title='bbox 622 381 761 440; x_wconf 86' lang='lat' dir='ltr'>Valentis</span> <span class='ocrx_word' id='word_1_9' title='bbox 790 381 886 456; x_wconf 88' lang='lat' dir='ltr'>copiis</span> <span class='ocrx_word' id='word_1_10' title='bbox 911 379 997 438; x_wconf 86' lang='lat' dir='ltr'>nulla</span> <span class='ocrx_word' id='word_1_11' title='bbox 1020 374 1106 437; x_wconf 88' lang='lat' dir='ltr'>ultra</span> 
     </span>
     <span class='ocr_line' id='line_1_3' title="bbox 168 478 1102 556; baseline -0.004 -18"><span class='ocrx_word' id='word_1_12' title='bbox 168 497 260 556; x_wconf 88' lang='lat' dir='ltr'>penes</span> <span class='ocrx_word' id='word_1_13' title='bbox 279 480 461 539; x_wconf 86' lang='lat' dir='ltr'>Vitellianos</span> <span class='ocrx_word' id='word_1_14' title='bbox 481 496 566 538; x_wconf 88' lang='lat' dir='ltr'>mora</span> <span class='ocrx_word' id='word_1_15' title='bbox 591 480 663 554; x_wconf 93' lang='lat' dir='ltr'>quin</span> <span class='ocrx_word' id='word_1_16' title='bbox 689 479 763 538; x_wconf 88' lang='lat' dir='ltr'>totis</span> <span class='ocrx_word' id='word_1_17' title='bbox 782 478 901 536; x_wconf 86' lang='lat' dir='ltr'>viribus</span> <span class='ocrx_word' id='word_1_18' title='bbox 923 478 1102 535; x_wconf 78' lang='lat' dir='ltr'>certarent:</span> 
     </span>
     <span class='ocr_line' id='line_1_4' title="bbox 169 573 1125 653; baseline -0.003 -16"><span class='ocrx_word' id='word_1_19' title='bbox 169 578 248 637; x_wconf 89' lang='lat' dir='ltr'>Otho</span> <span class='ocrx_word' id='word_1_20' title='bbox 274 577 459 637; x_wconf 76' lang='lat' dir='ltr'><strong>consultavit</strong></span> <span class='ocrx_word' id='word_1_21' title='bbox 480 579 563 636; x_wconf 91' lang='lat' dir='ltr'>trahi</span> <span class='ocrx_word' id='word_1_22' title='bbox 585 579 698 637; x_wconf 91' lang='lat' dir='ltr'>bellum</span> <span class='ocrx_word' id='word_1_23' title='bbox 722 596 761 637; x_wconf 87' lang='lat' dir='ltr'>an</span> <span class='ocrx_word' id='word_1_24' title='bbox 788 577 942 636; x_wconf 89' lang='lat' dir='ltr'>fortunam</span> <span class='ocrx_word' id='word_1_25' title='bbox 966 573 1125 653; x_wconf 85' lang='lat' dir='ltr'>experiri.</span> 
     </span>
     <span class='ocr_line' id='line_1_5' title="bbox 168 675 312 750; baseline 0.014 -18"><span class='ocrx_word' id='word_1_26' title='bbox 168 675 312 750; x_wconf 78' lang='lat' dir='ltr'>placeret.</span> 
     </span>
    </p>
   </div>
   <div class='ocr_carea' id='block_1_3' title="bbox 106 784 1132 3116">
    <p class='ocr_par' dir='ltr' id='par_1_3' title="bbox 165 784 1132 2921">
     <span class='ocr_line' id='line_1_6' title="bbox 209 784 1104 861; baseline -0.002 -17"><span class='ocrx_word' id='word_1_27' title='bbox 209 787 259 844; x_wconf 79' lang='lat'>32.</span> <span class='ocrx_word' id='word_1_28' title='bbox 295 786 380 842; x_wconf 91' lang='lat' dir='ltr'>Tunc</span> <span class='ocrx_word' id='word_1_29' title='bbox 409 784 572 843; x_wconf 86' lang='lat' dir='ltr'>Suetonius</span> <span class='ocrx_word' id='word_1_30' title='bbox 601 785 768 844; x_wconf 87' lang='lat' dir='ltr'>Paulinus¹</span> <span class='ocrx_word' id='word_1_31' title='bbox 798 786 923 861; x_wconf 81' lang='lat' dir='ltr'>dignum</span> <span class='ocrx_word' id='word_1_32' title='bbox 946 785 1027 844; x_wconf 86' lang='lat' dir='ltr'>fama</span> <span class='ocrx_word' id='word_1_33' title='bbox 1047 801 1104 844; x_wconf 90' lang='lat' dir='ltr'>sua</span> 
     </span>
     <span class='ocr_line' id='line_1_7' title="bbox 168 882 1104 958; baseline 0.003 -18"><span class='ocrx_word' id='word_1_34' title='bbox 168 884 268 951; x_wconf 88' lang='lat' dir='ltr'>ratus,</span> <span class='ocrx_word' id='word_1_35' title='bbox 286 900 345 957; x_wconf 90' lang='lat' dir='ltr'>qua</span> <span class='ocrx_word' id='word_1_36' title='bbox 361 899 447 940; x_wconf 91' lang='lat' dir='ltr'>nemo</span> <span class='ocrx_word' id='word_1_37' title='bbox 468 883 522 940; x_wconf 90' lang='lat' dir='ltr'>illa</span> <span class='ocrx_word' id='word_1_38' title='bbox 536 884 717 958; x_wconf 78' lang='lat' dir='ltr'>tempestate</span> <span class='ocrx_word' id='word_1_39' title='bbox 732 882 877 942; x_wconf 89' lang='lat' dir='ltr'>militaris</span> <span class='ocrx_word' id='word_1_40' title='bbox 896 884 941 941; x_wconf 88' lang='lat' dir='ltr'>rei</span> <span class='ocrx_word' id='word_1_41' title='bbox 963 883 1104 943; x_wconf 80' lang='lat' dir='ltr'>callidior</span> 
     </span>
     <span class='ocr_line' id='line_1_8' title="bbox 168 980 1102 1056; baseline 0.001 -16"><span class='ocrx_word' id='word_1_42' title='bbox 168 983 347 1050; x_wconf 81' lang='lat' dir='ltr'>habebatur,</span> <span class='ocrx_word' id='word_1_43' title='bbox 371 982 407 1039; x_wconf 90' lang='lat' dir='ltr'>de</span> <span class='ocrx_word' id='word_1_44' title='bbox 422 983 486 1039; x_wconf 93' lang='lat' dir='ltr'>toto</span> <span class='ocrx_word' id='word_1_45' title='bbox 501 999 612 1056; x_wconf 82' lang='lat' dir='ltr'>genere</span> <span class='ocrx_word' id='word_1_46' title='bbox 626 983 699 1040; x_wconf 90' lang='lat' dir='ltr'>belli</span> <span class='ocrx_word' id='word_1_47' title='bbox 714 1000 851 1051; x_wconf 90' lang='lat' dir='ltr'>censere,</span> <span class='ocrx_word' id='word_1_48' title='bbox 873 980 1102 1041; x_wconf 83' lang='lat' dir='ltr'>festinationem</span> 
     </span>
     <span class='ocr_line' id='line_1_9' title="bbox 167 1080 1103 1155; baseline 0.004 -19"><span class='ocrx_word' id='word_1_49' title='bbox 167 1080 319 1148; x_wconf 83' lang='lat' dir='ltr'>hostibus,</span> <span class='ocrx_word' id='word_1_50' title='bbox 350 1096 466 1136; x_wconf 92' lang='lat' dir='ltr'>moram</span> <span class='ocrx_word' id='word_1_51' title='bbox 494 1080 568 1155; x_wconf 87' lang='lat' dir='ltr'>ipsis</span> <span class='ocrx_word' id='word_1_52' title='bbox 596 1080 703 1138; x_wconf 91' lang='lat' dir='ltr'>utilem</span> <span class='ocrx_word' id='word_1_53' title='bbox 732 1081 901 1139; x_wconf 88' lang='lat' dir='ltr'>disseruit:</span> <span class='ocrx_word' id='word_1_54' title='bbox 932 1083 1103 1140; x_wconf 83' lang='lat' dir='ltr'>exercitum</span> 
     </span>
     <span class='ocr_line' id='line_1_10' title="bbox 168 1176 1104 1245; baseline 0 -8"><span class='ocrx_word' id='word_1_55' title='bbox 168 1177 287 1237; x_wconf 86' lang='lat' dir='ltr'>Vitellii</span> <span class='ocrx_word' id='word_1_56' title='bbox 313 1179 489 1235; x_wconf 86' lang='lat' dir='ltr'>universum</span> <span class='ocrx_word' id='word_1_57' title='bbox 514 1176 689 1245; x_wconf 89' lang='lat' dir='ltr'>advenisse,</span> <span class='ocrx_word' id='word_1_58' title='bbox 718 1194 772 1234; x_wconf 87' lang='lat' dir='ltr'>nec</span> <span class='ocrx_word' id='word_1_59' title='bbox 797 1178 925 1235; x_wconf 89' lang='lat' dir='ltr'>multum</span> <span class='ocrx_word' id='word_1_60' title='bbox 947 1179 1063 1237; x_wconf 90' lang='lat' dir='ltr'>virium</span> <span class='ocrx_word' id='word_1_61' title='bbox 1085 1197 1104 1237; x_wconf 91' lang='lat' dir='ltr'>a</span> 
     </span>
     <span class='ocr_line' id='line_1_11' title="bbox 167 1274 1103 1353; baseline 0 -19"><span class='ocrx_word' id='word_1_62' title='bbox 167 1279 269 1353; x_wconf 84' lang='lat' dir='ltr'>tergo,</span> <span class='ocrx_word' id='word_1_63' title='bbox 298 1277 440 1352; x_wconf 88' lang='lat' dir='ltr'>quoniam</span> <span class='ocrx_word' id='word_1_64' title='bbox 466 1274 574 1335; x_wconf 77' lang='lat' dir='ltr'>Gallia</span> <span class='ocrx_word' id='word_1_65' title='bbox 598 1277 754 1334; x_wconf 79' lang='lat' dir='ltr'>tumeant²</span> <span class='ocrx_word' id='word_1_66' title='bbox 780 1279 811 1333; x_wconf 89' lang='lat' dir='ltr'>ct</span> <span class='ocrx_word' id='word_1_67' title='bbox 836 1276 974 1334; x_wconf 90' lang='lat' dir='ltr'>deserere</span> <span class='ocrx_word' id='word_1_68' title='bbox 999 1277 1103 1335; x_wconf 88' lang='lat' dir='ltr'>Rheni</span> 
     </span>
     <span class='ocr_line' id='line_1_12' title="bbox 167 1374 1100 1456; baseline 0 -23"><span class='ocrx_word' id='word_1_69' title='bbox 167 1376 266 1451; x_wconf 91' lang='lat' dir='ltr'>ripam</span> <span class='ocrx_word' id='word_1_70' title='bbox 278 1374 461 1450; x_wconf 88' lang='lat' dir='ltr'>irrupturis³</span> <span class='ocrx_word' id='word_1_71' title='bbox 472 1377 535 1434; x_wconf 90' lang='lat' dir='ltr'>tam</span> <span class='ocrx_word' id='word_1_72' title='bbox 547 1375 666 1433; x_wconf 88' lang='lat' dir='ltr'>infestis</span> <span class='ocrx_word' id='word_1_73' title='bbox 678 1375 852 1456; x_wconf 88' lang='lat' dir='ltr'>nationibus</span> <span class='ocrx_word' id='word_1_74' title='bbox 864 1393 923 1433; x_wconf 90' lang='lat' dir='ltr'>non</span> <span class='ocrx_word' id='word_1_75' title='bbox 935 1377 1100 1445; x_wconf 87' lang='lat' dir='ltr'>conducat;</span> 
     </span>
     <span class='ocr_line' id='line_1_13' title="bbox 168 1471 1102 1551; baseline 0.001 -20"><span class='ocrx_word' id='word_1_76' title='bbox 168 1471 380 1532; x_wconf 86' lang='lat' dir='ltr'>Britannicum</span> <span class='ocrx_word' id='word_1_77' title='bbox 405 1472 533 1530; x_wconf 88' lang='lat' dir='ltr'>militem</span> <span class='ocrx_word' id='word_1_78' title='bbox 555 1473 641 1531; x_wconf 91' lang='lat' dir='ltr'>hoste</span> <span class='ocrx_word' id='word_1_79' title='bbox 662 1474 692 1530; x_wconf 88' lang='lat' dir='ltr'>et</span> <span class='ocrx_word' id='word_1_80' title='bbox 711 1474 789 1531; x_wconf 92' lang='lat' dir='ltr'>mari</span> <span class='ocrx_word' id='word_1_81' title='bbox 810 1474 968 1545; x_wconf 88' lang='lat' dir='ltr'>distineri;</span> <span class='ocrx_word' id='word_1_82' title='bbox 992 1475 1102 1551; x_wconf 91' lang='lat' dir='ltr'>Hispa·</span> 
     </span>
     <span class='ocr_line' id='line_1_14' title="bbox 168 1569 1102 1645; baseline 0.001 -18"><span class='ocrx_word' id='word_1_83' title='bbox 168 1572 235 1628; x_wconf 89' lang='lat' dir='ltr'>nias</span> <span class='ocrx_word' id='word_1_84' title='bbox 250 1569 343 1628; x_wconf 89' lang='lat' dir='ltr'>armis</span> <span class='ocrx_word' id='word_1_85' title='bbox 362 1587 421 1626; x_wconf 92' lang='lat' dir='ltr'>non</span> <span class='ocrx_word' id='word_1_86' title='bbox 441 1569 486 1627; x_wconf 90' lang='lat' dir='ltr'>ita</span> <span class='ocrx_word' id='word_1_87' title='bbox 507 1570 692 1638; x_wconf 87' lang='lat' dir='ltr'>redundare;</span> <span class='ocrx_word' id='word_1_88' title='bbox 714 1571 903 1645; x_wconf 88' lang='lat' dir='ltr'>provinciam</span> <span class='ocrx_word' id='word_1_89' title='bbox 922 1572 1102 1630; x_wconf 88' lang='lat' dir='ltr'>Narbonen-</span> 
     </span>
     <span class='ocr_line' id='line_1_15' title="bbox 168 1668 1099 1744; baseline -0.001 -17"><span class='ocrx_word' id='word_1_90' title='bbox 168 1686 230 1728; x_wconf 87' lang='lat' dir='ltr'>sem</span> <span class='ocrx_word' id='word_1_91' title='bbox 246 1670 368 1726; x_wconf 91' lang='lat' dir='ltr'>lncursu</span> <span class='ocrx_word' id='word_1_92' title='bbox 390 1668 494 1727; x_wconf 89' lang='lat' dir='ltr'>classis</span> <span class='ocrx_word' id='word_1_93' title='bbox 520 1672 551 1726; x_wconf 87' lang='lat' dir='ltr'>et</span> <span class='ocrx_word' id='word_1_94' title='bbox 575 1669 703 1727; x_wconf 83' lang='lat' dir='ltr'>adverso</span> <span class='ocrx_word' id='word_1_95' title='bbox 728 1669 836 1744; x_wconf 92' lang='lat' dir='ltr'>proelio</span> <span class='ocrx_word' id='word_1_96' title='bbox 862 1670 1099 1738; x_wconf 87' lang='lat' dir='ltr'>contremuisse;</span> 
     </span>
     <span class='ocr_line' id='line_1_16' title="bbox 167 1766 1101 1845; baseline 0.002 -18"><span class='ocrx_word' id='word_1_97' title='bbox 167 1769 300 1828; x_wconf 90' lang='lat' dir='ltr'>clausam</span> <span class='ocrx_word' id='word_1_98' title='bbox 315 1766 443 1843; x_wconf 88' lang='lat' dir='ltr'>Alpibus</span> <span class='ocrx_word' id='word_1_99' title='bbox 458 1769 488 1824; x_wconf 89' lang='lat' dir='ltr'>ct</span> <span class='ocrx_word' id='word_1_100' title='bbox 504 1767 587 1825; x_wconf 91' lang='lat' dir='ltr'>nullo</span> <span class='ocrx_word' id='word_1_101' title='bbox 602 1767 696 1826; x_wconf 89' lang='lat' dir='ltr'>maris</span> <span class='ocrx_word' id='word_1_102' title='bbox 711 1768 845 1827; x_wconf 88' lang='lat' dir='ltr'>subsidio</span> <span class='ocrx_word' id='word_1_103' title='bbox 864 1769 1101 1845; x_wconf 84' lang='lat' dir='ltr'>transpadanam</span> 
     </span>
     <span class='ocr_line' id='line_1_17' title="bbox 168 1865 1103 1942; baseline -0.001 -15"><span class='ocrx_word' id='word_1_104' title='bbox 168 1867 290 1927; x_wconf 91' lang='lat' dir='ltr'>Italiam</span> <span class='ocrx_word' id='word_1_105' title='bbox 314 1868 406 1941; x_wconf 91' lang='lat' dir='ltr'>atque</span> <span class='ocrx_word' id='word_1_106' title='bbox 432 1866 515 1942; x_wconf 76' lang='lat' dir='ltr'>ipso⁴</span> <span class='ocrx_word' id='word_1_107' title='bbox 540 1865 673 1924; x_wconf 89' lang='lat' dir='ltr'>transitu</span> <span class='ocrx_word' id='word_1_108' title='bbox 700 1867 853 1925; x_wconf 84' lang='lat' dir='ltr'>exercitus</span> <span class='ocrx_word' id='word_1_109' title='bbox 877 1869 1013 1939; x_wconf 87' lang='lat' dir='ltr'>vastam;</span> <span class='ocrx_word' id='word_1_110' title='bbox 1042 1886 1103 1926; x_wconf 92' lang='lat' dir='ltr'>non</span> 
     </span>
     <span class='ocr_line' id='line_1_18' title="bbox 167 1963 1102 2038; baseline 0 -15"><span class='ocrx_word' id='word_1_111' title='bbox 167 1965 352 2023; x_wconf 86' lang='lat' dir='ltr'>frumentum</span> <span class='ocrx_word' id='word_1_112' title='bbox 386 1981 513 2038; x_wconf 87' lang='lat' dir='ltr'>usquam</span> <span class='ocrx_word' id='word_1_113' title='bbox 543 1963 709 2032; x_wconf 85' lang='lat' dir='ltr'>exercitui,</span> <span class='ocrx_word' id='word_1_114' title='bbox 749 1981 804 2021; x_wconf 88' lang='lat' dir='ltr'>nec</span> <span class='ocrx_word' id='word_1_115' title='bbox 837 1964 1006 2022; x_wconf 79' lang='lat' dir='ltr'>exercitum</span> <span class='ocrx_word' id='word_1_116' title='bbox 1035 1965 1102 2023; x_wconf 89' lang='lat' dir='ltr'>sine</span> 
     </span>
     <span class='ocr_line' id='line_1_19' title="bbox 167 2059 1104 2138; baseline 0.002 -20"><span class='ocrx_word' id='word_1_117' title='bbox 167 2063 262 2137; x_wconf 89' lang='lat' dir='ltr'>copiis</span> <span class='ocrx_word' id='word_1_118' title='bbox 290 2061 418 2119; x_wconf 89' lang='lat' dir='ltr'>retineri</span> <span class='ocrx_word' id='word_1_119' title='bbox 447 2078 558 2136; x_wconf 86' lang='lat' dir='ltr'>posse:</span> <span class='ocrx_word' id='word_1_120' title='bbox 585 2059 650 2134; x_wconf 91' lang='lat' dir='ltr'>jam</span> <span class='ocrx_word' id='word_1_121' title='bbox 680 2062 863 2131; x_wconf 79' lang='lat' dir='ltr'>Germanos,</span> <span class='ocrx_word' id='word_1_122' title='bbox 898 2062 977 2136; x_wconf 92' lang='lat' dir='ltr'>quod</span> <span class='ocrx_word' id='word_1_123' title='bbox 1006 2079 1104 2138; x_wconf 83' lang='lat' dir='ltr'>genus</span> 
     </span>
     <span class='ocr_line' id='line_1_20' title="bbox 166 2159 1102 2236; baseline 0.002 -18"><span class='ocrx_word' id='word_1_124' title='bbox 166 2160 298 2219; x_wconf 90' lang='lat' dir='ltr'>militum</span> <span class='ocrx_word' id='word_1_125' title='bbox 318 2161 398 2236; x_wconf 89' lang='lat' dir='ltr'>apud</span> <span class='ocrx_word' id='word_1_126' title='bbox 413 2161 514 2218; x_wconf 86' lang='lat' dir='ltr'>hostes</span> <span class='ocrx_word' id='word_1_127' title='bbox 535 2159 759 2218; x_wconf 87' lang='lat' dir='ltr'>atrocissimum</span> <span class='ocrx_word' id='word_1_128' title='bbox 774 2160 829 2230; x_wconf 86' lang='lat' dir='ltr'>sit,</span> <span class='ocrx_word' id='word_1_129' title='bbox 853 2162 952 2219; x_wconf 89' lang='lat' dir='ltr'>tracto</span> <span class='ocrx_word' id='word_1_130' title='bbox 968 2161 999 2217; x_wconf 93' lang='lat' dir='ltr'>in</span> <span class='ocrx_word' id='word_1_131' title='bbox 1015 2163 1102 2220; x_wconf 87' lang='lat' dir='ltr'>aesta-</span> 
     </span>
     <span class='ocr_line' id='line_1_21' title="bbox 166 2255 1103 2332; baseline -0.002 -17"><span class='ocrx_word' id='word_1_132' title='bbox 166 2261 228 2316; x_wconf 90' lang='lat' dir='ltr'>tem</span> <span class='ocrx_word' id='word_1_133' title='bbox 243 2257 337 2326; x_wconf 86' lang='lat' dir='ltr'>bello,</span> <span class='ocrx_word' id='word_1_134' title='bbox 354 2257 464 2315; x_wconf 85' lang='lat' dir='ltr'>fluxis⁵</span> <span class='ocrx_word' id='word_1_135' title='bbox 479 2257 671 2332; x_wconf 87' lang='lat' dir='ltr'>corporibus,</span> <span class='ocrx_word' id='word_1_136' title='bbox 688 2257 889 2313; x_wconf 88' lang='lat' dir='ltr'>mutationem</span> <span class='ocrx_word' id='word_1_137' title='bbox 904 2255 960 2314; x_wconf 92' lang='lat' dir='ltr'>soli</span> <span class='ocrx_word' id='word_1_138' title='bbox 975 2256 1103 2331; x_wconf 88' lang='lat' dir='ltr'>caelique</span> 
     </span>
     <span class='ocr_line' id='line_1_22' title="bbox 167 2354 1104 2431; baseline 0.002 -18"><span class='ocrx_word' id='word_1_139' title='bbox 167 2356 246 2414; x_wconf 92' lang='lat' dir='ltr'>haud</span> <span class='ocrx_word' id='word_1_140' title='bbox 263 2355 457 2415; x_wconf 91' lang='lat' dir='ltr'>toleraturos.</span> <span class='ocrx_word' id='word_1_141' title='bbox 485 2354 585 2414; x_wconf 91' lang='lat' dir='ltr'>Multa</span> <span class='ocrx_word' id='word_1_142' title='bbox 599 2355 679 2414; x_wconf 87' lang='lat' dir='ltr'>bella</span> <span class='ocrx_word' id='word_1_143' title='bbox 694 2355 809 2431; x_wconf 90' lang='lat' dir='ltr'>impetu</span> <span class='ocrx_word' id='word_1_144' title='bbox 824 2355 928 2412; x_wconf 87' lang='lat' dir='ltr'>valida</span> <span class='ocrx_word' id='word_1_145' title='bbox 942 2372 997 2430; x_wconf 86' lang='lat' dir='ltr'>per</span> <span class='ocrx_word' id='word_1_146' title='bbox 1010 2355 1104 2415; x_wconf 85' lang='lat' dir='ltr'>taedia</span> 
     </span>
     <span class='ocr_line' id='line_1_23' title="bbox 167 2451 1104 2528; baseline -0.002 -16"><span class='ocrx_word' id='word_1_147' title='bbox 167 2457 198 2512; x_wconf 90' lang='lat' dir='ltr'>et</span> <span class='ocrx_word' id='word_1_148' title='bbox 218 2470 318 2512; x_wconf 89' lang='lat' dir='ltr'>moras</span> <span class='ocrx_word' id='word_1_149' title='bbox 339 2452 510 2520; x_wconf 85' lang='lat' dir='ltr'>evanuisse.</span> <span class='ocrx_word' id='word_1_150' title='bbox 534 2452 648 2510; x_wconf 86' lang='lat' dir='ltr'>Contra</span> <span class='ocrx_word' id='word_1_151' title='bbox 670 2451 743 2527; x_wconf 89' lang='lat' dir='ltr'>ipsis</span> <span class='ocrx_word' id='word_1_152' title='bbox 759 2453 862 2510; x_wconf 88' lang='lat' dir='ltr'>omnia</span> <span class='ocrx_word' id='word_1_153' title='bbox 882 2453 1046 2528; x_wconf 75' lang='lat' dir='ltr'>opulenta⁶</span> <span class='ocrx_word' id='word_1_154' title='bbox 1072 2456 1104 2510; x_wconf 87' lang='lat' dir='ltr'>et</span> 
     </span>
     <span class='ocr_line' id='line_1_24' title="bbox 165 2549 1102 2620; baseline -0.002 -10"><span class='ocrx_word' id='word_1_155' title='bbox 165 2552 240 2620; x_wconf 88' lang='lat' dir='ltr'>fida,</span> <span class='ocrx_word' id='word_1_156' title='bbox 255 2551 462 2619; x_wconf 90' lang='lat' dir='ltr'>Pannoniam,</span> <span class='ocrx_word' id='word_1_157' title='bbox 477 2551 631 2619; x_wconf 87' lang='lat' dir='ltr'>Moesiam,</span> <span class='ocrx_word' id='word_1_158' title='bbox 646 2549 845 2620; x_wconf 88' lang='lat' dir='ltr'>Delmatiam,</span> <span class='ocrx_word' id='word_1_159' title='bbox 861 2551 1018 2609; x_wconf 91' lang='lat' dir='ltr'>Orientem</span> <span class='ocrx_word' id='word_1_160' title='bbox 1033 2568 1102 2608; x_wconf 90' lang='lat' dir='ltr'>cum</span> 
     </span>
     <span class='ocr_line' id='line_1_25' title="bbox 166 2649 1132 2728; baseline -0.001 -19"><span class='ocrx_word' id='word_1_161' title='bbox 166 2652 297 2728; x_wconf 78' lang='lat' dir='ltr'>integris</span> <span class='ocrx_word' id='word_1_162' title='bbox 318 2651 517 2719; x_wconf 82' lang='lat' dir='ltr'>exercitibus,</span> <span class='ocrx_word' id='word_1_163' title='bbox 547 2650 669 2708; x_wconf 89' lang='lat' dir='ltr'>Italiam</span> <span class='ocrx_word' id='word_1_164' title='bbox 691 2652 721 2707; x_wconf 88' lang='lat' dir='ltr'>et</span> <span class='ocrx_word' id='word_1_165' title='bbox 743 2651 834 2725; x_wconf 87' lang='lat' dir='ltr'>caput</span> <span class='ocrx_word' id='word_1_166' title='bbox 855 2665 956 2706; x_wconf 88' lang='lat' dir='ltr'>rerum</span> <span class='ocrx_word' id='word_1_167' title='bbox 976 2649 1100 2717; x_wconf 86' lang='lat' dir='ltr'>urbem,</span> <span class='ocrx_word' id='word_1_168' title='bbox 1125 2701 1132 2709; x_wconf 95' lang='lat'>.</span> 
     </span>
     <span class='ocr_line' id='line_1_26' title="bbox 166 2746 1100 2824; baseline -0.005 -16"><span class='ocrx_word' id='word_1_169' title='bbox 166 2752 363 2824; x_wconf 88' lang='lat' dir='ltr'>senatumque</span> <span class='ocrx_word' id='word_1_170' title='bbox 389 2750 420 2806; x_wconf 89' lang='lat' dir='ltr'>et</span> <span class='ocrx_word' id='word_1_171' title='bbox 445 2748 599 2824; x_wconf 88' lang='lat' dir='ltr'>populum,</span> <span class='ocrx_word' id='word_1_172' title='bbox 616 2765 780 2823; x_wconf 91' lang='lat' dir='ltr'>numquam</span> <span class='ocrx_word' id='word_1_173' title='bbox 807 2747 935 2805; x_wconf 90' lang='lat' dir='ltr'>obscura</span> <span class='ocrx_word' id='word_1_174' title='bbox 960 2746 1100 2814; x_wconf 88' lang='lat' dir='ltr'>nomina,</span> 
     </span>
     <span class='ocr_line' id='line_1_27' title="bbox 166 2843 1103 2921; baseline -0.004 -16"><span class='ocrx_word' id='word_1_175' title='bbox 166 2848 259 2905; x_wconf 87' lang='lat' dir='ltr'>etiam</span> <span class='ocrx_word' id='word_1_176' title='bbox 274 2847 299 2905; x_wconf 89' lang='lat' dir='ltr'>sl</span> <span class='ocrx_word' id='word_1_177' title='bbox 315 2845 479 2921; x_wconf 88' lang='lat' dir='ltr'>aliquando</span> <span class='ocrx_word' id='word_1_178' title='bbox 494 2845 727 2913; x_wconf 85' lang='lat' dir='ltr'>obumbrantur;</span> <span class='ocrx_word' id='word_1_179' title='bbox 751 2844 888 2920; x_wconf 90' lang='lat' dir='ltr'>publicas</span> <span class='ocrx_word' id='word_1_180' title='bbox 903 2843 1103 2920; x_wconf 85' lang='lat' dir='ltr'>privatasque</span> 
     </span>
    </p>

    <p class='ocr_par' dir='ltr' id='par_1_4' title="bbox 106 2941 1103 3116">
     <span class='ocr_line' id='line_1_28' title="bbox 165 2941 1102 3021; baseline -0.003 -17"><span class='ocrx_word' id='word_1_181' title='bbox 165 2963 236 3021; x_wconf 86' lang='lat' dir='ltr'>opes</span> <span class='ocrx_word' id='word_1_182' title='bbox 261 2947 292 3003; x_wconf 87' lang='lat' dir='ltr'>et</span> <span class='ocrx_word' id='word_1_183' title='bbox 314 2944 491 3002; x_wconf 89' lang='lat' dir='ltr'>immensam</span> <span class='ocrx_word' id='word_1_184' title='bbox 512 2944 683 3019; x_wconf 89' lang='lat' dir='ltr'>pecuniam,</span> <span class='ocrx_word' id='word_1_185' title='bbox 698 2944 781 3002; x_wconf 87' lang='lat' dir='ltr'>inter</span> <span class='ocrx_word' id='word_1_186' title='bbox 806 2942 912 3001; x_wconf 88' lang='lat' dir='ltr'>civiles</span> <span class='ocrx_word' id='word_1_187' title='bbox 935 2941 1102 3001; x_wconf 88' lang='lat' dir='ltr'>discordias</span> 
     </span>
     <span class='ocr_line' id='line_1_29' title="bbox 106 3024 1103 3116; baseline -0.003 -15"><span class='ocrx_word' id='word_1_188' title='bbox 106 3024 109 3030; x_wconf 29' lang='lat'>²</span> <span class='ocrx_word' id='word_1_189' title='bbox 165 3044 246 3102; x_wconf 87' lang='lat' dir='ltr'>ferro</span> <span class='ocrx_word' id='word_1_190' title='bbox 261 3042 457 3110; x_wconf 64' lang='lat' dir='ltr'>validiorem</span> <span class='ocrx_word' id='word_1_191' title='bbox 475 3058 601 3116; x_wconf 90' lang='lat' dir='ltr'>corpora</span> <span class='ocrx_word' id='word_1_192' title='bbox 616 3042 749 3100; x_wconf 90' lang='lat' dir='ltr'>militum</span> <span class='ocrx_word' id='word_1_193' title='bbox 764 3043 818 3099; x_wconf 91' lang='lat' dir='ltr'>aut</span> <span class='ocrx_word' id='word_1_194' title='bbox 833 3041 932 3100; x_wconf 86' lang='lat' dir='ltr'>Italiae</span> <span class='ocrx_word' id='word_1_195' title='bbox 947 3042 1035 3099; x_wconf 90' lang='lat' dir='ltr'>sueta</span> <span class='ocrx_word' id='word_1_196' title='bbox 1049 3043 1103 3099; x_wconf 88' lang='lat' dir='ltr'>aut</span> 
     </span>
    </p>
   </div>
   <div class='ocr_carea' id='block_1_4' title="bbox 122 3168 1103 3572">
    <p class='ocr_par' dir='ltr' id='par_1_5' title="bbox 122 3168 1103 3572">
     <span class='ocr_line' id='line_1_30' title="bbox 200 3168 1102 3235; baseline -0.001 -10"><span class='ocrx_word' id='word_1_197' title='bbox 200 3184 253 3225; x_wconf 68' lang='grc' dir='ltr'>υ.</span> <span class='ocrx_word' id='word_1_198' title='bbox 278 3168 455 3235; x_wconf 68' lang='grc' dir='ltr'>1.Ῥαιιιίπιίε,</span> <span class='ocrx_word' id='word_1_199' title='bbox 479 3191 500 3223; x_wconf 84' lang='lat' dir='ltr'>v.</span> <span class='ocrx_word' id='word_1_200' title='bbox 519 3175 542 3232; x_wconf 91' lang='lat' dir='ltr'>l,</span> <span class='ocrx_word' id='word_1_201' title='bbox 563 3182 604 3233; x_wconf 82' lang='lat'>87,</span> <span class='ocrx_word' id='word_1_202' title='bbox 656 3184 713 3224; x_wconf 78' lang='lat' dir='ltr'>rent</span> <span class='ocrx_word' id='word_1_203' title='bbox 731 3175 792 3224; x_wconf 85' lang='lat' dir='ltr'>dans</span> <span class='ocrx_word' id='word_1_204' title='bbox 810 3173 945 3234; x_wconf 76' lang='lat' dir='ltr'>Tite-aive,</span> <span class='ocrx_word' id='word_1_205' title='bbox 970 3174 1031 3225; x_wconf 86' lang='lat' dir='ltr'>mais</span> <span class='ocrx_word' id='word_1_206' title='bbox 1052 3191 1102 3225; x_wconf 89' lang='lat' dir='ltr'>non</span> 
     </span>
     <span class='ocr_line' id='line_1_31' title="bbox 165 3241 842 3292; baseline -0.001 -1"><span class='ocrx_word' id='word_1_207' title='bbox 165 3252 222 3292; x_wconf 85' lang='lat' dir='ltr'>note</span> <span class='ocrx_word' id='word_1_208' title='bbox 236 3250 271 3292; x_wconf 85' lang='lat'>15.</span> <span class='ocrx_word' id='word_1_209' title='bbox 657 3241 718 3289; x_wconf 89' lang='lat' dir='ltr'>dans</span> <span class='ocrx_word' id='word_1_210' title='bbox 731 3241 842 3290; x_wconf 75' lang='lat' dir='ltr'>Ciceron.</span> 
     </span>
     <span class='ocr_line' id='line_1_32' title="bbox 122 3302 1103 3372; baseline -0.004 -15"><span class='ocrx_word' id='word_1_211' title='bbox 122 3365 125 3372; x_wconf 28' lang='lat'>¹</span> <span class='ocrx_word' id='word_1_212' title='bbox 197 3316 219 3357; x_wconf 75' lang='grc'>2.</span> <span class='ocrx_word' id='word_1_213' title='bbox 242 3302 357 3364; x_wconf 78' lang='lat' dir='ltr'>Tomara,</span> <span class='ocrx_word' id='word_1_214' title='bbox 380 3311 432 3356; x_wconf 71' lang='lat' dir='ltr'>atre</span> <span class='ocrx_word' id='word_1_215' title='bbox 448 3321 479 3354; x_wconf 88' lang='lat' dir='ltr'>en</span> <span class='ocrx_word' id='word_1_216' title='bbox 497 3304 607 3354; x_wconf 84' lang='lat' dir='ltr'>efferves-</span> <span class='ocrx_word' id='word_1_217' title='bbox 689 3314 712 3354; x_wconf 79' lang='lat'>4.</span> <span class='ocrx_word' id='word_1_218' title='bbox 740 3307 794 3369; x_wconf 82' lang='lat' dir='ltr'>lpse</span> <span class='ocrx_word' id='word_1_219' title='bbox 819 3304 916 3371; x_wconf 79' lang='lat' dir='ltr'>signifie</span> <span class='ocrx_word' id='word_1_220' title='bbox 943 3306 1103 3372; x_wconf 85' lang='lat' dir='ltr'>quelquelois</span> 
     </span>
     <span class='ocr_line' id='line_1_33' title="bbox 165 3373 1099 3501; baseline -0.001 -13"><span class='ocrx_word' id='word_1_221' title='bbox 165 3389 388 3501; x_wconf 48' lang='lat' dir='ltr'>capcarmpmm</span> <span class='ocrx_word' id='word_1_222' title='bbox 398 3436 475 3487; x_wconf 85' lang='lat' dir='ltr'>L&#39;abl.</span> <span class='ocrx_word' id='word_1_223' title='bbox 485 3437 538 3488; x_wconf 83' lang='lat' dir='ltr'>abs.</span> <span class='ocrx_word' id='word_1_224' title='bbox 550 3454 608 3487; x_wconf 87' lang='lat' dir='ltr'>avec</span> <span class='ocrx_word' id='word_1_225' title='bbox 657 3373 718 3487; x_wconf 36' lang='lat' dir='ltr'>mg..</span> <span class='ocrx_word' id='word_1_226' title='bbox 733 3439 837 3495; x_wconf 78' lang='lat' dir='ltr'>Florus,</span> <span class='ocrx_word' id='word_1_227' title='bbox 851 3453 918 3493; x_wconf 82' lang='lat' dir='ltr'>mou,</span> <span class='ocrx_word' id='word_1_228' title='bbox 932 3452 988 3485; x_wconf 87' lang='lat' dir='ltr'>sans</span> <span class='ocrx_word' id='word_1_229' title='bbox 999 3446 1099 3487; x_wconf 83' lang='lat' dir='ltr'>ressort.</span> 
     </span>
     <span class='ocr_line' id='line_1_34' title="bbox 154 3502 1060 3572; baseline 0.002 -20"><span class='ocrx_word' id='word_1_230' title='bbox 154 3506 257 3572; x_wconf 80' lang='lat' dir='ltr'>lepart.</span> <span class='ocrx_word' id='word_1_231' title='bbox 273 3504 320 3557; x_wconf 78' lang='lat' dir='ltr'>fut.</span> <span class='ocrx_word' id='word_1_232' title='bbox 335 3513 383 3556; x_wconf 83' lang='lat' dir='ltr'>aot.</span> <span class='ocrx_word' id='word_1_233' title='bbox 404 3519 431 3555; x_wconf 88' lang='lat' dir='ltr'>se</span> <span class='ocrx_word' id='word_1_234' title='bbox 451 3512 536 3556; x_wconf 81' lang='lat' dir='ltr'>trouve</span> <span class='ocrx_word' id='word_1_235' title='bbox 554 3520 608 3557; x_wconf 83' lang='lat' dir='ltr'>sou·</span> <span class='ocrx_word' id='word_1_236' title='bbox 692 3510 714 3556; x_wconf 81' lang='grc'>6.</span> <span class='ocrx_word' id='word_1_237' title='bbox 734 3505 883 3555; x_wconf 87' lang='lat' dir='ltr'>Ressources</span> <span class='ocrx_word' id='word_1_238' title='bbox 895 3502 1060 3555; x_wconf 83' lang='lat' dir='ltr'>abondantes.</span> 
     </span>
    </p>
   </div>
   <div class='ocr_carea' id='block_1_5' title="bbox 0 0 1178 3922">
    <p class='ocr_par' dir='ltr' id='par_1_6' title="bbox 0 0 1178 3922">
     <span class='ocr_line' id='line_1_35' title="bbox 0 0 1178 3922; baseline 0 0"><span class='ocrx_word' id='word_1_239' title='bbox 0 0 1178 3922; x_wconf 95' lang='lat' dir='ltr'> </span> 
     </span>
    </p>
   </div>
  </div>
 </body>
</html>
