2346 3922
390 272 481 316 maan
502 273 523 314 1.
548 272 613 315 cnr.
637 256 770 315 ‹tl-44.
1012 259 1053 318 45

156 403 208 464 43.
233 403 390 480 Insignem
416 403 471 462 illa
491 403 540 461 die
560 403 662 462 virum
681 402 893 478 Sempronium
919 403 1054 462 Densum

114 502 192 557 aetas
213 503 319 559 nostra
338 501 430 561 vidit.
458 501 604 559 Centurio
630 501 657 559 is
681 501 834 577 praetoriae
860 502 1008 569 cohortis,
1036 519 1055 559 a

116 597 216 657 Galba
241 599 387 657 eustodiae
412 599 535 658 Pisonis
555 599 693 669 additus,
721 599 829 658 stricto
854 600 986 675 pugione
1007 617 1054 657 oo·

115 713 243 753 currens
257 698 386 755 armatis
406 699 437 755 et
457 698 555 756 scelus
576 689 780 774 exprobrans,
805 717 841 757 ae
857 701 945 758 modo
963 717 1054 758 manu

116 794 205 851 modo
220 812 294 852 voce
309 795 456 853 vertendo
472 795 503 853 in
519 814 551 854 se
566 814 774 871 percussores,
792 814 975 872 quamquam
990 796 1054 854 rul-

116 895 225 950 nerate
247 893 355 950 Pisoni
376 892 521 969 effugium
543 894 638 956 (ledit.
671 895 744 953 Piso
767 895 799 952 in
820 894 913 952 aedem
935 895 1054 952 Vestee¹

116 990 270 1064 pervasit,
297 995 502 1067 exceptusque
526 993 738 1052 misericordia
762 993 877 1068 publici
903 992 1004 1051 servi²
1026 994 1057 1049 et

118 1088 319 1146 contubernio
340 1088 407 1165 ejus
427 1091 549 1149 abditus
568 1109 628 1148 non
647 1091 816 1165 religione³
842 1106 897 1147 nee
922 1089 1056 1146 caerimo-

118 1184 181 1242 niis
212 1187 264 1244 sed
289 1187 410 1246 latebra
435 1188 598 1248 imminens
623 1190 753 1248 exitium
778 1187 952 1256 differebat,
990 1205 1057 1244 eum

117 1283 270 1342 advenere
298 1286 393 1344 missu
424 1287 553 1345 Othonis
581 1288 762 1345 nominatim
792 1287 823 1344 in
852 1287 964 1344 eaedem
993 1283 1058 1360 ejus

115 1384 275 1443 ardentis⁴
301 1386 457 1461 Sulpicius
485 1386 627 1445 Floruse
649 1386 839 1445 Britannicis
864 1384 1055 1453 cohortibus,

118 1500 217 1557 nuper
241 1501 260 1540 a
285 1483 384 1543 Galba
409 1485 538 1543 civitate
563 1484 710 1552 donatus,
738 1486 769 1541 et
794 1483 913 1541 Statius
932 1482 1059 1540 Murcus

118 1580 304 1656 speculator,
325 1599 344 1640 a
365 1583 475 1658 quibus
491 1585 667 1659 protractus
682 1583 757 1641 Piso
773 1580 804 1639 in
820 1580 937 1639 foribus
952 1579 1059 1654 templi

118 1679 304 1740 trucidatur.

160 1788 210 1845 44.
234 1788 361 1846 Nullam
380 1790 490 1848 eaedem
512 1790 592 1849 Otho
617 1787 733 1864 majore
760 1787 870 1847 laetitia
886 1788 1057 1862 excepisse,

120 1885 237 1944 nullum
266 1890 359 1963 eaput
386 1891 451 1946 tam
476 1887 705 1947 insatiabilibus
734 1885 830 1944 oeulis
857 1885 1061 1961 perlustrasse

120 1981 244 2052 dieitur,
276 2001 328 2042 seu
356 1988 423 2042 tum
451 1985 584 2060 primum
611 1984 715 2042 levata
740 1982 823 2040 omni
852 1981 1060 2040 sollicitudine

119 2096 205 2138 mens
220 2098 330 2140 vacare
344 2083 454 2157 gaudio
467 2086 615 2158 coeperat,
634 2099 686 2140 seu
701 2081 872 2140 recordatio
888 2079 1060 2155 majestatis

120 2177 153 2234 in
174 2168 289 2247 G'alba,
311 2181 457 2239 amicitiae
476 2182 509 2238 in
529 2182 600 2239 Tito
615 2181 708 2240 Vinio
731 2180 889 2255 quamvis1
912 2179 1060 2237 immitem

120 2275 255 2333 animum
272 2278 406 2354 imagine
421 2279 505 2338 tristi
527 2278 735 2346 confuderat²,
753 2277 878 2336 Pisonis
893 2279 928 2334 ut
943 2275 1061 2333 inimici

121 2373 153 2428 et
177 2373 279 2430 aemuli
305 2375 386 2432 caede
411 2375 512 2434 laetari
532 2375 585 2450 jus
609 2374 717 2449 fasque
743 2373 895 2432 credebat.
928 2372 1062 2430 Praetixa

121 2471 221 2529 contis
236 2473 340 2548 capita
359 2474 560 2548 gestabantur
575 2474 657 2531 inter
677 2473 767 2548 signa
782 2470 952 2529 cohortium
968 2469 1062 2545 juxta

121 2568 257 2643 aquilam
284 2570 449 2647 legionis³,
485 2573 627 2630 certatim
663 2569 890 2628 ostentantibus
918 2570 1061 2626 cruentas

121 2685 229 2726 manus
244 2670 296 2744 qui
312 2671 501 2738 occiderant,
523 2671 575 2745 qui
591 2668 810 2735 interfuerant,
833 2667 885 2741 qui
900 2683 987 2733 vere,
1005 2665 1058 2739 qui

121 2762 198 2822 salso
219 2769 253 2824 ut
274 2766 434 2841 pulchrum
455 2770 486 2825 et
506 2766 702 2825 memorabile
726 2764 844 2822 facinus
864 2762 1055 2837 jactabant4.

158 2912 212 2954 48.
229 2912 250 2953 1.
263 2907 351 2955 AEdem
366 2906 451 2963 Veste,
465 2905 566 2955 duecte
616 2903 754 2958 adverbial,
768 2911 805 2950 est
817 2916 874 2949 avec
885 2901 1014 2948 tmrnitem.
1028 2900 1057 2949 V.

123 2970 253 3021 sud-onesi
264 2972 298 3019 du
312 2970 406 3030 lorum,
420 2987 451 3020 au
461 2971 518 3037 pied
531 2970 565 3019 du
616 2972 702 3021 Gantr.
717 2975 767 3023 156,
781 2975 803 3024 5,
818 2982 878 3025 rem,
893 2974 914 3014 3.

124 3046 192 3085 mont
205 3036 309 3087 Palatio.
648 3037 672 3084 2.
699 3032 818 3083 Antinum
838 3059 871 3067 -
891 3032 1055 3093 consudet-et,

156 3109 179 3149 2.
199 3104 237 3153 Un
256 3103 351 3151 esclave
371 3102 456 3166 public
476 3100 566 3165 charge
616 3104 658 3149 eut
671 3099 768 3148 trouble'
780 3114 824 3146 son
837 3100 891 3145 ame
903 3097 988 3161 parde
998 3112 1060 3146 sorn-

124 3166 158 3215 ‹iu
170 3168 262 3217 service
271 3168 304 3217 du
315 3168 420 3231 temple,
434 3171 466 3218 ou
477 3166 494 3215 il
504 3165 567 3215 avait
616 3166 673 3216 bros
686 3164 787 3228 images.

125 3247 151 3279 sa
163 3232 279 3283 domeure
297 3233 514 3295 (contubernium).
649 3239 671 3280 3.
687 3232 719 3278 La
730 3227 813 3293 le'giou
823 3225 916 3275 formee
926 3225 957 3274 de
967 3225 1060 3274 soldats

158 3303 181 3347 3.
199 3299 309 3348 Saintete'
321 3299 355 3347 du
368 3298 418 3347 lieu
431 3313 525 3348 comme
535 3312 566 3345 au
617 3297 648 3346 de
660 3295 763 3350 marine,
777 3292 881 3356 appelee
891 3294 979 3355 priene
988 3293 1060 3353 edja-

126 3360 165 3409 ch.
179 3370 215 3414 te.
233 3365 272 3413 Cl.
284 3372 431 3426 propter-
442 3365 499 3429 sent
510 3365 568 3412 reli·
617 3365 669 3412 trie
681 3363 849 3410 classicorum.
1045 3420 1050 3430 ¹

123 3428 219 3490 pionem
231 3428 292 3493 (Cic.
305 3430 373 3478 Verr.
387 3438 410 3488 2,
424 3430 455 3495 4).
648 3436 671 3477 4.
690 3427 758 3476 Ceux
771 3423 828 3488 qui,
848 3425 921 3470 ltort
938 3436 970 3470 ou
990 3423 1061 3469 irar-

158 3506 181 3544 4.
200 3494 326 3544 Ardentis.
340 3496 421 3544 Otbon
433 3511 463 3543 en
476 3493 568 3543 veulait
614 3488 671 3550 son,
684 3491 733 3540 s'en
747 3487 871 3538 rantaicut
880 3502 974 3536 comme
986 3486 1061 3536 d'unc

126 3559 326 3623 specialemeuta
337 3561 361 3609 la
373 3560 410 3610 rie
422 3560 454 3609 de
466 3560 549 3609 Pison¹
617 3557 699 3609 action
712 3553 871 3606 memorable.

160 3633 215 3675 u.
234 3634 255 3676 l.
269 3627 401 3690 Quemvis,
412 3626 502 3676 dansle
512 3640 568 3675 sens
969 3617 994 3666 8*
