2346 3922
118 231 179 291 300
343 248 487 291 connnnn
505 247 606 290 nao1n1
626 247 838 290 uisnonnnaum

120 381 282 448 audemus,
298 379 476 455 praetorium
487 381 518 437 et
528 378 717 437 consularem
728 377 827 436 visuri
838 378 962 436 sumus?
976 377 1053 436 An¹⁶

120 478 273 537 Neronem
294 480 464 536 extremum
486 477 676 536 dominorum
697 476 832 551 putatisl
860 475 945 534 Idem
963 475 1052 532 credi-

120 577 228 635 derant
243 576 294 650 qui
309 576 447 645 Tiberio,
465 577 516 651 qui
533 576 609 635 Gaio
623 575 804 652 superstites
822 572 963 644 fuerunt,
987 591 1052 632 cum

119 672 244 732 interim
275 673 483 732 intestabilior
491 675 513 710 ¹⁷
542 676 573 731 et
601 673 716 732 'saevior
744 673 869 731 exortus
897 674 955 731 est.
985 673 1053 730 Non

118 772 261 833 timemus
285 772 522 847 Vespasianum;
548 790 584 831 ea
608 772 757 848 principis
779 775 869 841 aetas,
897 789 935 830 ea
959 772 1054 829 mode

119 869 210 926 ratio.
242 869 301 927 Sed
332 869 448 928 diutius
477 870 588 928 durant
618 870 757 946 exempla
770 871 792 906 1⁸
823 888 914 944 quam
943 887 1051 929 mores.

119 967 332 1042 Elanguimus‚
364 970 467 1043 patres
495 968 675 1045 conscripti,
700 986 755 1026 neo
776 969 838 1025 iam
856 968 909 1026 ille
931 971 1053 1028 senatus

118 1084 221 1124 sumus
243 1066 295 1141 qui
320 1066 418 1123 occiso
437 1065 559 1124 Nerone
580 1065 732 1124 delatores
746 1069 777 1125 et
792 1067 951 1126 ministros
970 1084 1053 1125 more

32 1170 50 1229 ᾖ
118 1164 298 1241 majorum¹⁹
322 1164 490 1240 puniendos
515 1163 686 1238 flagitabat.
715 1164 888 1240 Optimus²⁰
913 1168 960 1223 est
984 1167 1052 1240 post

118 1266 232 1326 malum
246 1266 414 1343 principem
429 1266 493 1329 dies
508 1265 635 1341 primus.
659 1285 676 1320 n

158 1378 209 1437 43.
233 1378 332 1435 Tanto
357 1395 425 1434 cum
446 1392 570 1435 assensu
597 1380 720 1435 senatus
744 1377 867 1436 auditus
892 1380 940 1436 est
966 1380 1051 1437 Mon·

118 1479 226 1546 tanus,
251 1479 285 1534 ut
306 1493 389 1551 spem
411 1477 533 1552 caperet
555 1475 716 1534 Helvidius
740 1493 828 1550 posse
853 1476 948 1533 etiam
970 1477 1051 1534 Mar·

118 1574 245 1632 cellum¹
261 1575 425 1650 prosterni.
450 1575 551 1650 Igitur
570 1593 589 1632 a
603 1574 692 1632 laude
708 1575 829 1632 Cluvii²
850 1575 923 1633 Rufi
945 1592 1048 1644 orsus,

115 1673 169 1748 qui
187 1672 313 1747 perinde
335 1671 421 1729 dives
439 1674 470 1730 et
490 1671 665 1747 eloquentia
680 1671 800 1731 clarus³
815 1671 892 1730 nulli
907 1690 1050 1748 umquam

116 1770 171 1828 sub
205 1769 327 1828 Nerone
361 1769 530 1845 periculum
567 1770 756 1841 lacessisset,
794 1772 924 1830 crimine
959 1773 1051 1830 simul

114 1868 329 1944 exemploque*
364 1869 491 1944 Eprium
526 1869 676 1943 urgebat,
712 1870 892 1928 ardentibus
928 1872 1049 1946 patrum

113 1968 235 2026 animis.
263 1967 349 2032 Quod
374 1966 426 2024 ubi
451 1968 548 2026 sensit
576 1968 755 2039 Marcellus,
786 1969 872 2028 velut
900 1971 1050 2028 excedens

112 2067 218 2124 ouria:
237 2067 389 2134 «imus»,
408 2065 525 2140 inquit,
549 2086 567 2121 u
580 2067 701 2133 Prisce,
716 2068 747 2123 et
768 2063 970 2138 relinquimus
991 2063 1049 2121 tibi

113 2165 253 2221 senatum
266 2167 353 2222 tuum
364 2164 386 2232 ⁵;
404 2180 500 2238 regna
514 2164 664 2238 praesente
679 2164 809 2223 Caesare.
824 2181 841 2215 »
857 2160 1050 2236 Sequebatur

112 2261 223 2321 Vibius
248 2261 387 2336 Crispus
415 2243 504 2319 ambo
530 2261 658 2331 infensi,
686 2259 774 2318 vultu
801 2259 939 2327 diverso,
969 2259 1049 2317 Mar-

114 2360 207 2419 cellus
240 2359 409 2418 minacibus
443 2360 555 2429 oculis,
591 2361 717 2435 Crispus
753 2359 915 2428 renidens,
955 2359 1050 2416 donec

150 2518 185 2560 16.
204 2509 257 2568 Aa,
270 2526 303 2559 ou
315 2508 384 2568 bien,
397 2520 456 2575 peut
470 2527 496 2560 sc
508 2521 556 2561 tra-

114 2575 185 2625 duire
199 2575 265 2625 aussi
281 2591 326 2641 par
343 2577 413 2624 dono.
428 2577 456 2625 V.
470 2577 554 2627 Gantr.

115 2649 127 2701 s
140 2648 190 2700 rso,
203 2649 225 2690 τ.

149 2715 184 2755 17.
207 2707 355 2756 lntcstabitis
371 2729 405 2748 =
426 2707 555 2758 detestabi-

114 2775 153 2827 lis,
168 2771 318 2830 detestable,
333 2772 472 2822 cxe'cmble.

148 2845 183 2886 18.
200 2837 335 2900 Erremplo,
356 2837 486 2902 l’exemplc
507 2854 555 2903 que

114 2919 176 2953 nous
190 2918 280 2952 aurens
292 2902 375 2952 donne
390 2919 421 2951 en
439 2903 553 2952 condam-

113 2978 173 3016 nant
185 2968 294 3032 Regulus
306 2983 365 3017 aura
375 2984 423 3017 une
432 2967 555 3019 inlluence

113 3035 169 3097 plus
181 3032 286 3082 durable
298 3049 347 3098 que
356 3035 379 3083 le
388 3038 511 3084 caractere
523 3034 554 3085 dc

111 3099 255 3164 Vespasien‚
268 3100 360 3165 auquel
373 3116 464 3165 pourra
472 3103 555 3149 succe·

113 3164 158 3215 der
170 3182 203 3213 un
215 3164 300 3230 prinae
312 3165 391 3215 moins
402 3165 510 3215 moderc.

147 3237 182 3280 19.
201 3232 268 3280 More
289 3233 424 3292 majorum.
453 3229 553 3296 D'apres

112 3304 176 3345 cette
194 3305 309 3345 coutume
321 3297 344 3345 le
361 3296 482 3360 coupable
493 3297 553 3346 erait

111 3360 198 3427 trappe
208 3361 239 3409 de
247 3377 331 3426 vonges
337 3360 436 3426 jusqu’a
445 3373 517 3411 mort.

144 3434 181 3476 20.
201 3425 552 3494 Optimus-patmos,parce

607 2527 656 2580 que
668 2511 691 2559 la
700 2510 782 2560 bonne
794 2509 891 2559 volonte'
900 2519 925 2558 et
934 2509 1050 2578 l'energie

605 2586 662 2627 sont
673 2577 738 2626 alors
749 2576 806 2640 plus
816 2575 930 2640 grandes.

639 2650 694 2691 n.
713 2650 734 2690 1.
754 2641 905 2690 Marcellum.
924 2641 952 2690 V.
971 2642 1010 2693 ch.
1025 2650 1047 2701 6,

606 2718 630 2757 et
642 2708 729 2768 ll‚5a,
741 2714 829 2756 notel.

638 2781 660 2822 2.
679 2774 775 2830 Cluvii,
789 2788 811 2820 v.
826 2772 849 2829 l,
861 2779 887 2830 8,
902 2780 960 2821 note
974 2781 996 2822 3.

638 2847 660 2888 3.
673 2839 783 2888 Perinde
794 2840 862 2886 dives
871 2852 901 2886 ce
910 2841 1005 2887 clarus.
1014 2840 1048 2888 La

604 2903 774 2968 comparaison
794 2919 821 2952 se
841 2901 886 2950 fait
905 2919 964 2953 avec
984 2905 1047 2953 llar-

604 2971 695 3028 celluS,
717 2980 741 3019 et
758 2985 806 3018 non
830 2977 899 3017 entre
921 2970 958 3017 les
981 2970 1048 3019 deux

604 3035 730 3100 adjectis,
739 3049 833 3085 comme
845 3034 898 3083 cela
910 3037 972 3084 aete
984 3035 1030 3084 dit.

635 3110 658 3150 4.
678 3102 960 3163 Crimina-csemplo,
977 3117 1049 3151 accu-

603 3167 695 3216 sations
707 3176 732 3216 et
747 3166 939 3230 comparaisons.

635 3240 657 3281 5.
679 3233 890 3294 Tuum-repom
905 3233 924 3281 ll
937 3231 1048 3282 ucuthu-

601 3297 683 3346 milies
694 3299 717 3347 le
729 3301 838 3355 senator
844 3313 873 3345 en
881 3301 960 3347 meme
967 3308 1048 3364 temps

601 3364 690 3412 rendre
702 3363 830 3414 Helvidius
841 3361 932 3413 odicux
950 3366 965 3412 a
982 3364 1048 3414 l'em·

600 3444 698 3494 percur.
