2346 3922
373 256 463 308 urana
484 259 506 300 1.
530 258 595 301 car.
620 242 752 301 37-38.
981 245 1018 303 41

86 388 227 449 Vatinii⁹
256 394 287 449 et
310 393 475 468 AEgialii¹⁰
495 397 659 471 petierunt.
685 397 806 456 Minore
833 398 967 456 avaritia
986 416 1022 456 ac

85 486 215 546 licentia
236 494 394 563 grassatus
422 496 503 552 esset
527 495 563 555 T.
577 495 704 564 Vinius,
728 496 754 553 si
782 496 847 570 ipse
878 496 1021 570 imperas·

87 587 152 653 set,
175 602 256 644 nunc
276 590 307 646 et
322 588 473 666 subjectos
492 609 547 650 nos
568 593 675 652 habuit
696 596 851 668 tamquam
870 595 969 652 suos¹¹
993 601 1023 653 et

88 681 167 741 viles
176 684 199 720 ¹²
223 687 258 743 ut
276 684 402 749 alienos.
426 689 495 748 Una
510 689 564 748 illa
578 690 712 748 domus¹³
727 690 838 749 sufficit
860 691 1022 761 donativo,

89 782 170 856 quod
188 783 277 842 vobis
298 802 461 860 numquam
486 788 577 847 detur
594 792 625 846 et
645 789 757 847 cotidie
778 789 1022 863 exprobratur¹⁴.

132 910 183 971 38.
208 931 227 966 «
242 912 288 969 Ac
303 928 340 970 nc
359 929 419 987 qua
439 913 547 972 saltem
572 915 604 973 in
630 932 802 973 successore
828 915 932 974 Galbae
958 933 1026 990 spes

90 1012 188 1078 essct,
205 1010 336 1068 accersit
349 1011 388 1068 ab
399 1011 507 1070 exsilio
522 1031 610 1088 quem
625 1014 773 1072 tristitia¹
786 1017 816 1072 et
830 1014 964 1073 avaritia
979 1015 1027 1072 eui

91 1111 283 1170 simillimum
292 1113 462 1189 judicabat.
479 1112 619 1182 vidistis,
632 1112 867 1181 commilitones,
881 1112 1027 1170 notabili2

91 1211 275 1285 tempestate
303 1211 397 1270 etiam
425 1213 496 1270 deos
524 1209 689 1268 infaustam
721 1209 914 1284 adoptionem
943 1227 1029 1266 aver-

93 1310 207 1368 santes.
226 1308 310 1366 Idem
322 1312 460 1377 senatus,
473 1309 552 1367 idem
567 1309 672 1383 populi
683 1307 816 1366 Romani
831 1308 952 1364 enimus
967 1311 1027 1366 est:

92 1407 199 1463 vestra
223 1405 324 1464 virtus
349 1409 553 1482 exspectatur,
580 1407 661 1482 apud
686 1423 761 1480 quos
786 1423 874 1463 omne
896 1405 1032 1462 honestis

94 1501 233 1560 consiliis
246 1504 340 1562 robur
354 1508 385 1562 et
400 1504 465 1562 sine
481 1505 590 1581 quibus
601 1505 740 1579 quamvis
756 1504 880 1577 egregia
895 1503 1033 1561 invalida

94 1603 178 1660 sunt.
206 1601 277 1660 Non
302 1602 340 1659 ad
365 1602 478 1660 bellum
505 1620 561 1661 vos
594 1619 649 1659 nec
677 1602 715 1658 ad
741 1601 908 1676 periculum
934 1619 1029 1658 voco:

95 1698 231 1755 omnium
246 1699 379 1757 militum
393 1717 479 1758 arma
494 1701 649 1758 nobiscum
664 1701 746 1760 sunt.
770 1701 835 1759 Nec
850 1717 911 1756 una
926 1700 1033 1757 cohors

95 1797 221 1870 togata³
236 1783 371 1856 defendit
393 1815 473 1856 nunc
497 1798 640 1867 Galbam,
663 1798 714 1855 sed
733 1799 870 1856 detinet:
893 1815 961 1854 cum
978 1813 1033 1853 vos

96 1895 288 1969 adspexerit,
311 1913 380 1954 cum
395 1896 533 1972 signum⁴
553 1911 653 1952 meum
672 1895 841 1970 acceperit,
865 1894 921 1951 hoc
937 1893 1033 1951 solum

97 1993 159 2050 erit
174 1995 344 2063 certamen,
366 1995 435 2069 quis
453 1994 528 2051 mihi
547 1993 712 2068 plurimum
731 1989 890 2063 imputet⁵.
922 1987 1035 2046 Nullus

98 2093 305 2151 cunctationis
325 2093 409 2151 locus
434 2096 481 2150 est
500 2092 531 2148 in
549 2108 584 2148 eo
604 2089 731 2147 consilio
755 2086 833 2160 quod
853 2101 913 2142 non
934 2087 1035 2159 potest

97 2190 220 2248 laudari
245 2191 305 2249 nisi
325 2172 497 2266 ¹peractum.
512 2209 529 2243 u
553 2187 677 2263 Aperiri
701 2184 808 2242 deinde
833 2182 1035 2240 armamenta-

98 2288 181 2346 rium
195 2286 300 2362 jussit.
327 2288 431 2362 Rapta
445 2287 550 2346 statim
568 2303 670 2354 arma,
692 2284 758 2343 sine
776 2297 860 2339 more
879 2282 910 2338 ct
930 2278 1037 2336 ordine

133 2461 156 2503 9.
179 2455 305 2512 Vatinius,
319 2452 484 2504 tres-influent
496 2455 509 2501 d
521 2452 545 2500 le
629 2459 651 2500 2.
669 2450 698 2500 V.
712 2449 751 2499 ch.
767 2455 801 2497 18.
912 2507 917 2518 ¹
1031 2506 1036 2517 .

100 2535 164 2569 cour
176 2519 208 2568 de
219 2520 313 2575 Neron,
327 2522 358 2567 ou
375 2518 393 2568 il
405 2533 546 2575 commenca
629 2524 651 2565 3.
671 2516 705 2564 La
713 2512 984 2583 cohorte'p1·ttor1enne
995 2522 1038 2572 qur

101 2601 148 2650 par
159 2585 183 2634 le
195 2585 247 2633 role
259 2584 290 2632 de
302 2582 412 2633 bouilon.
596 2581 655 2629 etait
673 2579 705 2627 dc
724 2577 800 2644 garde
818 2592 849 2624 au
868 2575 955 2647 palam⁸
964 2572 1039 2647 depo-

138 2657 174 2699 10.
193 2651 328 2713 AEqr'uliuc‚
342 2647 458 2699 inconnu.
597 2645 658 2702 seit,
671 2659 728 2692 avec
747 2645 769 2691 le
790 2651 904 2689 muntcau
923 2640 1038 2712 militane

598 2711 713 2773 (acorem),
728 2725 765 2757 ses
778 2722 866 2763 armo,
889 2703 1039 2754 c'cst-d-drre

597 2775 621 2825 lc
639 2789 743 2840 casque.
766 2772 790 2820 la
800 2770 922 2826 mirasse,
944 2768 968 2816 le
980 2767 1040 2817 bou-

597 2839 667 2896 clicr,
676 2849 700 2888 et
708 2836 787 2887 laisait
799 2837 823 2885 le
831 2834 923 2884 service
931 2848 961 2880 cn
972 2842 1037 2897 loge,

138 2747 174 2788 11.
194 2739 215 2787 ll
227 2752 314 2812 neusa
330 2736 413 2786 traitds
425 2752 456 2785 en
470 2732 547 2796 qu'cts

104 2820 201 2854 comme
221 2819 241 2852 sr
262 2818 323 2852 nous
343 2801 423 2851 ctions
444 2816 471 2850 sa
491 2816 546 2865 pro·

105 2869 194 2935 Ρῒῐόῑέ·
617 2905 623 2921 ’
687 2913 695 2950 t
768 2901 799 2950 l'e
818 2897 1010 2949 ceetlalancc.

141 2959 177 3001 12.
199 2950 261 2999 Viles
273 2948 326 3011 (uos
338 2948 435 3008 habuit)
451 2955 480 2998 ut
491 2949 549 2996 ulic-
599 2919 789 3032 nilangfflm,
801 2917 853 3015 {jum
865 2962 971 3012 d'0rdre,

106 3034 166 3074 uos,
183 3031 246 3064 nous
260 3029 333 3062 avons
345 3016 385 3063 ete
397 3029 453 3062 sans
465 3013 550 3060 valeur
633 3043 655 3084 5·
674 3036 776 3096 ΟΜ,-
787 3034 904 3093 imputet,
923 3027 966 3092 qui
983 3026 1040 3075 m'o-

107 3086 121 3130 ὲ
142 3098 181 3130 ⁸³⁸
199 3096 263 3145 Y⁰¹¹¹
280 3093 374 3128 ⁰⁰¹m¹¹⁰
387 3086 551 3143 ὃῬΡῖΠΊθῙῘᾶΠῑ
600 3099 695 3165 bligcra
703 3100 725 3147 lc
734 3097 876 3163 plus.Crttc
885 3090 1040 3157 expression,

108 3151 123 3196 ἦ
135 3164 168 3195 ¹¹¹¹
180 3154 260 3195 ³⁰¹¹&
376 3210 381 3221 ,
403 3210 419 3221 ,,
601 3167 746 3229 cmprunlc'e
758 3179 789 3211 au
801 3162 904 3225 langage
917 3159 961 3207 des
977 3155 1043 3205 affai-

143 3219 178 3261 13.
198 3212 292 3260 Domus
302 3225 337 3259 sc.
354 3208 427 3258 Vmu.
602 3247 653 3286 reo,
668 3227 764 3294 signifie
780 3233 938 3291 proprement
954 3228 1044 3285 portes

144 3285 179 3326 ¹4·
191 3275 335 3337 Qu’⁰¹¹V⁰¹¹⁸
343 3272 461 3337 ¹'‘³1³¹00he
469 3273 552 3337 (Parce
602 3312 632 3343 cu
641 3302 734 3355 compte
741 3293 756 3342 ὰ
763 3292 903 3355 quelqu’un.
911 3287 949 3338 cf.
959 3288 1041 3336 Germ.

110 3359 159 3408 ‘lue
171 3357 230 3391 '⁰¹¹⁸
244 3341 268 3389 ¹⁶
283 3338 435 3402 demdezl·
604 3369 645 3409 11:
665 3375 709 3407 acc
726 3359 786 3406 duta
801 3360 940 3418 imputant,
963 3352 993 3399 ils
1014 3367 1044 3399 nc

144 3439 198 3481 ³8.
218 3439 238 3480 l.
257 3427 488 3479 llumcur'sombre.
514 3425 551 3476 Cf.
603 3424 715 3473 tiennent
727 3438 770 3487 pus
782 3430 879 3486 compte
888 3420 920 3468 de
930 3434 958 3468 ce
972 3414 1045 3482 qu'ils

111 3499 203 3556 tristis,
220 3495 260 3546 ch.
275 3502 311 3544 14.
603 3499 647 3540 ont
662 3489 755 3541 donne.
