2346 3922
187 197 248 256 232

185 343 342 417 captivum
371 346 401 401 et
429 344 549 403 casibus
577 345 678 404 dubiis
707 344 899 402 reservatum
931 360 1126 420 praegravem

184 441 291 509 luisse,
310 443 420 500 nedum
436 444 560 501 Primus
574 461 610 500 ac
626 445 742 503 Fuscus
754 444 785 500 et
799 442 975 517 specimen⁸
990 445 1126 518 partium

184 538 345 595 Mucianus
360 538 453 595 ullam
474 540 505 596 in
520 539 681 599 Vitellium
703 540 763 596 nisi
784 537 943 594 occidendi
965 538 1125 596 licentiam

182 638 325 696 habeant.
353 639 424 697 Non
446 657 464 696 a
486 640 605 697 Caesare
627 639 822 714 Pompeium,
841 655 902 694 non
923 639 963 695 ab
983 640 1124 713 Augusto

180 738 349 795 Antonium
361 738 547 796 incolumes⁹
563 739 702 808 relictos,
717 738 778 795 nisi
790 736 869 795 forte
878 737 901 772 ¹⁰
913 738 1124 811 Vespasianus

180 832 306 890 altiores
332 834 460 907 spiritus
489 836 591 907 gerat,
623 833 731 893 Vitelli
760 831 856 889 cliens
881 849 951 888 cum
978 832 1123 891 Vitellius

181 930 328 1005 collegall
345 931 470 990 Claudio
485 930 575 989 foret.
594 932 715 1000 Quin12,
735 933 769 988 ut
783 947 943 988 censuram
959 930 1072 1005 patris,
1090 934 1123 988 ut

180 1030 243 1086 tres
258 1030 450 1097 consulatus,
465 1033 499 1086 ut
510 1032 557 1087 tot
573 1029 705 1104 egregiae
720 1029 825 1086 domus
840 1029 973 1085 honores
984 1029 1120 1098 deceret,

180 1127 392 1201 desperatione
408 1127 516 1186 saltem
532 1129 563 1184 in
578 1129 737 1184 audaciam
760 1128 1018 1200 accingeretur¹³.
1048 1130 1122 1187 Per·

180 1228 262 1282 stare
277 1226 421 1294 militem,
440 1244 597 1301 superesse
619 1226 721 1283 studia
742 1225 864 1300 populi;
889 1225 1022 1300 denique
1044 1226 1123 1284 nihil

179 1325 313 1382 atrocius
329 1329 510 1383 eventurum
537 1343 627 1400 quam
650 1326 682 1382 in
708 1326 787 1400 quod
810 1327 919 1400 sponte
944 1328 1028 1383 ruat.
1058 1327 1121 1385 Mo·

178 1422 318 1480 riendum
334 1425 440 1493 victis,
464 1425 654 1482 moriendum
674 1424 806 1492 deditie;
832 1423 862 1480 id
884 1423 984 1480 solum
1005 1425 1122 1483 referre

178 1522 377 1578 novissimum
404 1523 548 1597 spiritum
577 1540 632 1597 per
660 1523 828 1580 ludibrium
857 1524 889 1579 et
918 1524 1121 1581 contumelias

178 1619 335 1678 effundant
357 1639 396 1678 an
419 1639 474 1697 per
488 1622 649 1679 virtutem.

220 1722 269 1781 67.
296 1723 401 1780 Surdae
422 1723 459 1779 ad
480 1722 573 1780 fortia
588 1722 716 1781 consilia
731 1722 858 1782 Vitellio
872 1739 974 1780 aures.
1000 1722 1118 1780 Obrue-

178 1819 270 1877 batur
294 1821 415 1878 animus
440 1822 639 1878 miseratione
669 1839 802 1896 curaque
838 1839 876 1878 ne
908 1821 1119 1896 pertinacibus

178 1919 273 1976 armis
294 1919 394 1976 minus
415 1919 596 1994 placabilem
615 1921 765 1978 victorem
785 1918 976 1995 relinqueret
996 1919 1119 1996 conjugi

177 2035 213 2073 ac
227 2017 344 2078 liberis.
374 2019 449 2076 Erat
465 2019 512 2076 illi
528 2022 559 2077 et
573 2019 653 2077 fessa
678 2022 770 2076 aetate
791 2036 917 2094 parens;
932 2036 1000 2093 quae
1015 2021 1119 2077 temen

177 2116 282 2190 paucis
303 2119 375 2173 ante
397 2117 504 2174 diebus
530 2119 701 2192 opportune
723 2119 820 2174 morte
842 2116 997 2173 excidium
1013 2117 1119 2174 domus

176 2214 340 2288 praevenit,
366 2213 444 2270 nihil
463 2215 638 2288 principatu
655 2213 699 2271 fili
715 2220 856 2271 assecuta
875 2213 935 2270 nisi
955 2213 1074 2271 luctum
1088 2214 1119 2270 ct

174 2312 285 2369 bonam
300 2310 423 2369 famam.
449 2329 494 2370 xv
507 2311 655 2369 kalendas
673 2312 869 2380 Januarias1,
891 2311 1000 2369 audita
1020 2312 1117 2370 defec-

174 2410 258 2466 tione
283 2408 415 2482 legionis
440 2411 671 2484 cohortiumque
696 2428 816 2485 quaese
841 2410 970 2468 Narniae
995 2410 1116 2469 dedide-

174 2511 260 2576 rant,
285 2509 368 2583 pullo
384 2509 498 2566 amictu
521 2509 643 2566 Palatio
663 2509 851 2584 degreditur,
875 2512 983 2566 maesta
1001 2509 1118 2568 circum

175 2607 324 2666 faniilia2.
357 2607 455 2667 Simul
483 2606 640 2666 ferebatur
671 2607 815 2665 lecticula
839 2606 988 2682 parvulus
1016 2607 1115 2677 filius,

413 213 556 256 CORNELII
577 213 677 256 ΤΑΟΙΤΙ
698 213 912 256 HISTORIARUM

208 2769 230 2809 8.
241 2760 622 2826 Speciomo(modele),l’homme
672 2772 696 2810 et
716 2762 778 2811 dans
799 2763 823 2810 la
840 2778 943 2812 censure
961 2765 1035 2874 apres
1052 2761 1119 2811 avoir

176 2826 311 2890 important
324 2827 358 2874 du
371 2827 444 2890 parti.
671 2830 710 2876 e'te
723 2844 786 2892 pour
797 2829 821 2877 la
838 2827 957 2892 premiere
980 2827 1017 2876 ois
1029 2829 1117 2878 consul

207 2900 228 2940 9.
248 2891 558 2956 lncolumes,exageration
569 2909 621 2942 ora-

174 2958 248 3014 toire,
259 2974 308 3014 car,
319 2957 367 3006 s'ils
376 2958 558 3022 protiterentde
566 2958 621 3006 leur

173 3034 248 3079 mort,
264 3023 294 3070 ils
308 3040 339 3071 uc
352 3023 537 3072 l'ordonnbrent
548 3040 601 3087 pas.

164 3149 167 3155 ,
207 3097 242 3136 10.
262 3090 317 3138 Nisi
326 3090 392 3152 forta
404 3105 430 3136 sc
440 3099 488 3136 met
498 3105 556 3137 avec
566 3088 620 3138 l'in-

171 3154 259 3211 dicatif
269 3154 330 3201 dans
349 3153 446 3203 l'ironie
462 3155 499 3216 (V.
520 3154 618 3213 Genti„

171 3227 250 3278 §157¹
266 3235 326 3267 rem.
339 3227 373 3277 31;
396 3237 426 3269 on
438 3236 452 3267 a
464 3219 495 3267 ici
516 3220 538 3267 lc
550 3221 616 3284 suhj.

172 3289 270 3334 acause
284 3284 318 3333 du
331 3284 443 3334 discours
457 3284 572 3333 indirect.

207 3360 242 3399 11.
262 3351 366 3412 Colleyo.
389 3351 453 3400 C'est
471 3352 494 3399 le
511 3350 618 3415 perede

129 3461 130 3464 ,
171 3416 319 3480 l’empcrcur
331 3415 374 3479 qui
383 3416 446 3464 avait
457 3419 496 3464 ete'
506 3417 617 3480 colldgue

172 3483 204 3534 de
215 3482 310 3533 Claude
325 3481 387 3531 dans
405 3482 472 3533 deux
491 3483 617 3533 consulate

671 2909 701 2941 cn
714 2901 740 2942 34
754 2911 790 2942 av.
804 2894 866 2943 J.-C.
878 2895 905 2943 V.
921 2894 940 2950 l,
956 2901 992 2949 52,
1008 2903 1066 2943 note
1079 2901 1116 2942 20.

670 3023 685 3070 fi
705 2967 739 3007 12.
759 2961 835 3020 Quin.
850 2961 877 3009 V.
892 2960 977 3008 Gantr.
990 2966 1042 3018 151,
1052 2975 1115 3008 rem.

688 3040 712 3072 n.

704 3098 738 3138 13.
774 3089 959 3152 Accinperetor.
993 3090 1060 3138 Pour
1088 3105 1117 3139 cc

668 3155 733 3217 subj.
754 3155 816 3203 dans
832 3156 855 3203 le
869 3155 982 3205 discours
994 3154 1115 3215 indirect,

668 3236 690 3269 v.
705 3223 790 3270 Gener.
804 3229 844 3270 146
855 3258 861 3277 ,
873 3238 933 3270 rem.
947 3229 970 3270 4.

700 3294 756 3334 ea.
776 3295 796 3335 1.
816 3287 984 3336 XVk.=le
1005 3293 1043 3335 15e
1056 3284 1116 3350 jour

667 3362 739 3399 avent
755 3353 790 3399 les
803 3352 921 3400 kalendas
933 3352 965 3401 de
973 3350 1072 3416 janvicr
1082 3376 1116 3396 =

667 3416 691 3464 lc
705 3425 730 3466 18
743 3416 797 3465 de'c.
812 3418 839 3466 V.
854 3418 951 3474 Gaura,
967 3425 1017 3466 193.

700 3490 722 3533 2.
741 3484 851 3535 Familia
855 3520 863 3545 ,
879 3483 1021 3535 serviteurs.
