2346 3922
360 287 452 335 crana
472 288 518 335 111.
543 290 609 335 our.
634 270 766 337 tto-52.
974 270 1036 336 219

96 426 179 488 Nam
202 427 312 503 proelio
334 445 393 503 quo
414 429 495 505 apud
514 429 710 490 Janioulum³
734 430 881 490 aduersus
906 430 1036 489 Cinnam

94 525 266 600 pugnatum
286 526 332 582 est
354 525 561 600 Pompeianus
586 526 674 585 miles
693 525 821 586 fratrem
837 545 940 594 suum,
964 526 1036 584 dein

95 621 219 696 cognito
252 619 388 682 facinore
427 641 459 682 se
488 625 588 700 ipsum
605 624 787 693 interfecit,
821 627 856 682 ut
885 619 1035 683 Sisenna⁴

94 720 260 777 memorat:
276 720 383 777 tanto⁵
398 721 500 779 acrior
514 722 595 797 apud
610 720 756 798 majores,
774 724 854 781 sieut
864 721 1036 781 virtutibus

95 816 211 892 gloria,
234 816 280 876 ita
300 817 429 893 flagitiis
449 821 632 896 paenitentia
647 820 718 881 fuit.
740 823 799 881 Sed
815 823 898 881 haec⁶
913 821 1036 897 aliaque

95 932 134 974 ex
144 917 249 974 vetere
260 917 407 974 memoria
418 919 534 993 petita,
549 919 669 995 quoties
680 936 730 978 res
740 919 885 995 locusque
896 917 1036 994 exempla

93 1013 172 1072 recti
197 1015 252 1072 aut
276 1013 391 1072 solacia
412 1015 486 1073 mali
505 1019 624 1091 poscet,
647 1015 728 1075 haud
750 1017 902 1077 absurde⁷
923 1035 1033 1076 memo·

95 1111 259 1188 rabimus„

136 1211 186 1272 52.
209 1211 345 1270 Antonio
369 1211 556 1289 ducibusque
580 1214 715 1288 partium
740 1213 889 1290 praemitti
914 1212 1033 1287 equites

95 1326 273 1384 omnemque
295 1310 455 1370 Umbriam
476 1311 631 1387 explorari
653 1312 781 1388 placuit,
802 1312 846 1369 si¹
859 1328 919 1386 qua
933 1311 1033 1385 Apen-

93 1408 163 1466 nini
172 1406 249 1484 juga
259 1407 440 1467 clementius
450 1410 626 1481 adirentur;
640 1413 736 1471 acciri
750 1411 872 1486 aquilas
887 1410 1035 1486 signaque

94 1509 127 1564 et
140 1505 286 1582 quidquid
301 1507 431 1566 Veronae
445 1509 579 1567 militum
593 1510 687 1580 foret,
712 1509 890 1584 Padumque
904 1511 936 1566 et
950 1525 1035 1566 mare

93 1605 313 1664 commeatibus
338 1605 494 1681 compleri.
522 1608 621 1664 Erant
645 1607 729 1666 inter
749 1606 840 1664 duces
859 1605 912 1680 qui
934 1607 1033 1662 necte-

93 1706 164 1764 rent
179 1719 293 1772 moras;
311 1702 422 1778 quippe
438 1702 551 1760 nimius
562 1702 629 1777 jam
642 1705 812 1774 Antonius,
831 1707 861 1763 et
876 1704 1010 1762 certiora
1023 1706 1034 1741 ²

93 1821 134 1862 ex
148 1801 291 1862 Muciano
304 1802 516 1876 sperabantur.
534 1801 675 1876 Namque
686 1803 848 1862 Mucianus
862 1805 926 1860 tam
941 1800 1034 1860 celeri

92 1899 226 1959 victoria
240 1897 366 1967 anxius,
384 1899 428 1968 et,
446 1898 479 1955 ni
494 1915 628 1974 praesens
643 1900 718 1957 urbe
736 1900 905 1974 poteretur,
927 1913 1033 1970 exper-

92 2000 156 2055 tem
178 2013 210 2054 se
229 1990 303 2054 belli
328 1995 493 2072 gloriaeque
518 2000 621 2066 ratus,
649 1998 687 2056 ad
712 1998 852 2056 Primum
872 1997 903 2053 et
918 1996 1034 2053 Varum

92 2095 213 2155 media³
247 2093 459 2169 scriptitabat,
496 2095 672 2154 instandum
708 2094 817 2170 coeptis
844 2095 899 2151 aut
927 2108 1034 2150 rursus

92 2192 259 2252 cunctandi
277 2191 429 2250 utilitates
448 2192 634 2261 edisserens,
656 2195 748 2268 atque
767 2192 813 2249 ita
828 2189 1033 2265 compositus⁴

92 2293 130 2350 ut
153 2307 192 2348 ex
220 2292 331 2348 eventu
356 2306 458 2346 rerum
484 2290 613 2348 adversa
638 2289 788 2347 abnueret
812 2286 862 2346 vel
887 2302 1034 2361 prospera

92 2391 284 2465 agnosceret.
311 2387 448 2447 Plotium
463 2386 628 2462 Griphum‚
645 2402 744 2460 nuper
758 2402 777 2442 a
791 2382 981 2459 Vespasiano
1001 2383 1034 2440 in

92 2488 282 2547 senatorium
301 2487 438 2545 ordinem
459 2485 609 2544 adscitum
627 2502 664 2543 ae
687 2483 804 2559 legioni
822 2465 1032 2558 praepositum,

84 2589 272 2662 ceterosque
300 2586 360 2644 sibi
377 2585 454 2643 fidos
478 2584 615 2660 apertius
643 2580 777 2652 monuit,
809 2581 901 2657 hique
930 2596 1034 2639 omnes

128 2751 150 2793 3.
170 2744 204 2792 Le
225 2757 296 2792 mom
321 2741 455 2793 duciculus
481 2739 542 2790 erait
624 2746 646 2788 d.
666 2739 843 2801 Haecoliaque,
857 2735 890 2786 de
907 2738 950 2786 tela
963 2735 1032 2785 traitr

92 2807 159 2859 situe
171 2824 213 2857 sur
224 2809 249 2857 la
261 2807 312 2857 rive
321 2806 401 2856 droite
411 2805 445 2855 du
455 2804 539 2865 Tibre,
591 2813 615 2854 et
627 2804 735 2853 d'autres
744 2801 901 2852 semblables.

93 2891 127 2924 au
139 2873 186 2924 sud
199 2873 232 2922 du
244 2889 314 2923 mom
329 2874 473 2922 Vaticanus.
624 2878 646 2918 7.
665 2869 792 2927 Absurde,
806 2869 855 2917 mal
871 2870 998 2934 apropos.

126 2948 150 2989 4.
180 2939 288 2989 Sisenna
315 2937 357 2995 (L.
384 2934 538 3000 Cornelius),
627 2941 680 2984 u.
700 2934 945 2984 lsi—adirentur.
956 2933 983 2981 V.
995 2948 1032 2997 gr.

94 3004 234 3056 lieutenaut
254 3002 287 3053 de
306 3003 415 3068 Pompee
435 3002 498 3052 daus
516 3002 540 3050 la
590 2997 1032 3063 deTac.125:sipouroa.Litteral.:

129 3087 183 3120 erre
195 3078 280 3119 contre
292 3070 328 3118 les
340 3066 442 3133 pirates,
452 3078 541 3116 auteur
590 3066 610 3116 si
620 3067 656 3114 les
666 3065 784 3113 hauteurs
793 3062 963 3127 del'dpeunin
991 3079 1033 3111 ou-

92 3086 171 3185 ff'ime
182 3134 284 3184 histoire
300 3133 419 3183 romaine.
590 3131 672 3181 vaient
689 3134 741 3179 etre
760 3145 790 3178 en
810 3127 920 3193 quelque
936 3079 1034 3176 enlroit

128 3209 150 3251 5.
167 3202 257 3259 Tanto,
266 3216 298 3249 en
307 3203 357 3249 tete
364 3198 396 3248 de
406 3198 430 3248 la
439 3196 538 3263 phrase,
589 3196 709 3246 aborde'es
722 3209 766 3258 par
785 3210 832 3242 une
849 3202 924 3258 pente
941 3193 1030 3242 douce.

94 3281 128 3315 au
139 3265 190 3315 lieu
206 3265 241 3315 du
258 3264 383 3329 classique
400 3266 470 3312 adeo.
492 3264 539 3313 Les
622 3270 644 3311 2.
663 3261 792 3319 Certiora,
805 3259 849 3308 des
862 3261 1034 3323 recompenses

94 3341 196 3380 auteurs
207 3328 406 3394 contemporains
415 3329 447 3377 de
456 3327 539 3378 Tacite
589 3328 646 3392 plus
657 3324 787 3375 certaiucs.

94 3394 231 3462 emploient
248 3396 280 3445 de
299 3396 322 3444 la
333 3399 413 3444 meme
430 3393 539 3443 muniere
622 3400 644 3442 3.
661 3392 755 3447 Medio,
770 3405 801 3439 eu
811 3387 1031 3454 termesambigus.

94 3469 156 3513 tom.
178 3461 206 3512 V.
226 3461 270 3511 des
281 3461 409 3526 exemptas
426 3459 488 3509 dans
500 3475 537 3525 gr.
621 3465 644 3506 4.
663 3456 700 3505 lto
713 3457 1033 3519 compositae,a1·rangeant

93 3526 128 3579 de
139 3527 196 3578 Tae.
211 3533 266 3589 105,
279 3525 323 3577 fin.
589 3537 628 3573 ses
640 3520 737 3588 paroles
748 3519 780 3571 de
791 3517 900 3570 manidre
913 3534 992 3585 que...
