2346 3922
396 206 487 251 amun
507 209 553 251 111.
577 208 643 252 car.
668 193 779 253 9-11.
992 190 1051 251 187

110 339 205 400 ritas.
219 338 280 399 Ubi
295 339 472 399 crudescere
480 342 503 378 ¹⁰
518 341 628 401 seditio
643 345 704 402 eta
719 339 868 400 conviciis
882 357 918 399 ac
929 340 1051 416 probris

109 437 155 496 ad
168 438 232 496 tela
247 440 277 497 et
291 456 400 497 manus
424 440 614 511 transibant,
641 440 727 517 injici
749 443 874 498 catenas
899 439 1051 498 Flaviano

104 535 211 612 jubet.
244 538 349 597 Sensit
367 537 565 598 ludibrium¹¹
586 540 689 609 miles,
710 538 906 615 disjectisque
927 538 979 611 qni
994 538 1048 595 tri-

109 636 209 694 buual
242 637 410 695 tuebantur
437 640 575 696 extrema
603 639 652 696 vis
680 637 857 714 parabatur.
900 637 1050 711 Opposuit

109 731 216 789 sinum
229 733 397 803 Antonius,
415 735 522 794 stricto
537 735 632 805 ferro,
650 737 705 794 aut
715 736 849 794 militnm
864 752 896 794 se
907 736 1048 794 manibus

108 836 169 892 aut
190 835 253 892 suis
273 835 456 894 moriturum
475 834 646 902 obtestans,
667 836 702 892 ut
722 851 870 909 quemque
892 836 997 892 notum
1017 835 1048 892 et

107 931 216 1007 aliquo
231 932 361 991 militari
375 933 482 992 decore
502 932 655 1007 insignem
674 933 874 1007 adspexerat,
895 932 933 989 ad
948 930 1045 989 fcren-

107 1030 182 1088 dam
201 1048 287 1106 opem
308 1031 430 1090 nomine
451 1031 544 1090 ciens.
577 1032 651 1091 Mox
666 1047 831 1089 conversus
849 1030 887 1087 ad
908 1030 997 1104 signa
1016 1033 1047 1090 et

105 1125 260 1185 bellorum
292 1129 405 1198 deos12,
440 1128 574 1186 hostium
606 1129 709 1204 potius
737 1129 924 1188 exercitibus
959 1129 1044 1187 illum

105 1223 259 1295 furorem,
290 1227 376 1285 illam
404 1227 587 1285 discordiam
612 1225 774 1302 injicerent
799 1228 923 1298 orabat,
951 1228 1045 1286 donec

103 1324 252 1382 fatiscere
260 1326 283 1362 ¹³
304 1326 414 1384 seditio
435 1328 466 1384 et
491 1328 627 1384 extremo
647 1324 713 1400 jam
729 1324 778 1382 die
793 1343 848 1384 sua
862 1327 990 1401 quisque
1011 1326 1043 1384 in

104 1423 245 1482 tentoria
259 1424 478 1486 dilaberentur.
506 1425 667 1484 Profectus
688 1424 791 1483 eadem
814 1429 901 1484 nocte
921 1425 1044 1484 Flavia-

102 1538 164 1580 nus
176 1523 304 1581 obviis¹⁴
312 1525 494 1599 Vespasiani
505 1523 619 1583 littoris
631 1522 801 1582 discrimini
814 1525 972 1597 exemptus
983 1523 1040 1580 est.

150 1633 199 1691 11.
225 1633 375 1709 Legiones
394 1634 480 1692 velut
499 1634 570 1692 tabe
589 1626 710 1692 infectae
730 1633 884 1708 Aponium
904 1634 1043 1692 Saturni-

104 1729 198 1786 num¹
225 1730 345 1788 Moesici
370 1730 524 1788 exercitus
547 1729 683 1805 legatum
710 1748 745 1788 eo
770 1733 905 1790 atrocius
936 1749 1043 1807 aggre-

103 1827 244 1897 diuntur,
266 1829 345 1903 quod
366 1847 426 1888 nou
456 1831 491 1886 ut
514 1829 601 1904 prius
631 1828 736 1887 labore
756 1833 788 1888 et
818 1848 908 1906 opere
938 1831 1040 1901 fessae,

104 1926 159 1984 sed
186 1927 285 1985 medio
315 1928 376 1986 diei
405 1930 599 1997 exarserant,
632 1927 768 2003 vulgatis
798 1930 938 2005 epistulis
968 1947 1043 2004 quas

104 2026 292 2084 Saturninus
303 2026 341 2083 ad
352 2026 512 2087 Vitellium
527 2024 686 2101 scripsisse
700 2026 890 2085 credebatur.
910 2027 953 2085 Ut
967 2028 1040 2085 olim

102 2123 233 2182 virtutis
248 2124 477 2200 modestiaeque,
502 2128 576 2184 tunc
597 2124 796 2200 procacitatis
811 2127 842 2183 et
863 2125 1042 2201 petulantiae

102 2222 258 2280 certamen
284 2226 365 2293 erat,
398 2242 435 2282 ne
464 2223 565 2282 minus
593 2222 745 2281 violenter
773 2223 925 2298 Aponium
952 2241 1042 2298 quam

102 2317 288 2377 Flavianum
300 2320 338 2377 ad
351 2321 533 2396 supplicium
548 2321 756 2395 deposcerent.
774 2322 893 2396 Quippe
908 2323 1043 2381 Moesicae

101 2412 239 2490 legiones
260 2416 397 2493 adjutam
421 2436 440 2476 a
461 2436 493 2476 se
519 2418 768 2476 Pannonicorum
793 2417 940 2476 ultionem
965 2419 1040 2477 refe·

102 2517 220 2584 rentes,
252 2517 284 2574 et
313 2517 500 2586 Pannonici,
530 2516 616 2575 velut
644 2517 878 2575 absolverentur
909 2518 1040 2576 aliorum

102 2612 268 2682 seditione,
296 2614 428 2677 iterare²
453 2615 573 2689 eulpam
604 2614 788 2689 gaudebant.
823 2614 858 2671 In
879 2615 984 2672 hortos
1005 2615 1038 2672 in

102 2709 212 2783 quibus
238 2710 454 2771 devertebatur
485 2713 672 2772 Saturninus
700 2715 841 2789 pergunt.
884 2713 949 2772 Neo
973 2716 1037 2771 tam

102 2807 226 2866 Primus
252 2811 283 2867 et
307 2811 486 2885 Aponianus
508 2812 539 2868 et
564 2811 723 2879 Messalla,
751 2828 933 2885 quamquam
954 2810 1037 2868 omni

118 2969 154 3010 10.
173 2962 473 3013 crudescerePourl'ini.
484 2963 540 3012 hist.
628 2970 663 3012 13.
682 2962 754 3011 L’inl.
769 2978 826 3013 avec
838 2965 926 3023 donec,
940 2981 1036 3015 comme

100 3042 159 3075 avec
174 3043 223 3076 unc
235 3027 393 3091 conjonction
406 3045 437 3078 cn
450 3034 499 3079 tete
512 3030 544 3078 de
594 3028 731 3086 Anuxlll,
745 3036 785 3076 57:
801 3032 919 3079 donec-
931 3034 1037 3095 saaojo-

100 3093 123 3142 la
136 3092 240 3157 phrase,
255 3109 277 3141 v.
292 3110 328 3158 gr.
342 3094 374 3143 de
386 3095 454 3151 Tac,
468 3101 524 3152 550.
592 3109 654 3142 cere.

134 3165 169 3206 ll.
199 3159 366 3218 Ludibrium,
391 3160 414 3209 lc
435 3160 492 3225 jeu,
520 3161 544 3209 la
628 3159 1033 3225 14.obviisqu’ilrecutcnroute.

100 3222 221 3273 comedia.
627 3233 681 3273 Η.
705 3233 725 3274 l.
744 3227 913 3285 Saturninus,
935 3243 1036 3291 gaurer-

135 3288 541 3355 12Dcos,lcsdieuxdelaguena,
594 3305 656 3337 neur
674 3292 778 3354 (legatus
795 3294 943 3355 consuturis)
962 3293 993 3341 de
1011 3293 1035 3341 la

99 3352 222 3410 Minerva,
244 3356 322 3412 Mars,
345 3355 460 3413 Bellone,
483 3355 543 3404 dont
593 3355 677 3404 Mesia.

99 3418 136 3466 les
154 3418 240 3468 busles
258 3420 350 3469 etaient
368 3421 476 3471 attachds
493 3422 544 3470 dla
627 3428 648 3470 2.
663 3419 735 3470 Lini.
745 3422 874 3486 comple'm.
887 3421 1034 3485 depcaderc

99 3482 189 3550 hampe
201 3484 245 3534 des
258 3485 398 3552 enseignes.
593 3494 630 3535 est
642 3485 767 3551 poetique.
784 3487 812 3536 V.
826 3502 862 3551 gr.
876 3487 907 3536 de
919 3487 958 3546 T,
972 3493 983 3545 ξ
994 3495 1031 3536 45.
