2346 3922
128 215 186 274 124
356 231 500 274 CORNELII
522 233 621 275 TACITI
643 231 854 274 HISTORIARUM

122 361 276 434 tempore⁴
292 362 364 418 anni
386 362 417 419 et
442 363 488 419 tot
512 363 626 420 circum
651 362 791 420 amnibus
816 361 945 435 penuria
973 377 1063 434 aquae

122 458 337 532 fatigarentur.
366 460 412 517 Ibi
434 460 470 518 de
490 461 599 536 proelio
625 461 827 528 dubitatum⁵,
860 459 979 517 Othone
1006 474 1063 532 per

121 555 243 615 litteras
254 544 414 632 flagitante
425 560 459 616 ut
471 562 671 628 maturarent,
682 558 832 616 militibus
844 559 878 614 ut
891 556 1062 631 imperator

121 670 231 727 pugnae
267 655 385 713 adesset
420 656 634 730 poscentibus3
668 656 805 731 plerique
840 654 943 728 copias
971 654 1061 710 trans

122 751 239 818 Padum
255 755 400 826 agentes6
420 754 514 810 acciri
530 753 736 828 postulabant.
759 752 824 810 Nee
839 750 965 826 perinde
980 750 1058 825 diju-

121 848 217 906 dicari
239 852 339 925 potest
359 852 431 926 quid
463 853 610 927 optimum
629 852 711 909 factu
737 851 831 909 fuerit
853 867 942 924 quarn
964 850 1058 924 pessi-

122 963 204 1003 mum
218 947 312 1005 fuisse
327 949 404 1022 quod
419 950 533 1007 faotum
547 953 604 1008 est.

163 1051 213 1122 40.
237 1051 306 1108 Non
328 1053 362 1108 ut
377 1052 414 1109 ad
429 1070 562 1127 pugnarn
583 1053 635 1111 sed
656 1054 693 1110 ad
715 1038 907 1112 bellanduml
929 1053 1058 1127 profecti

122 1147 306 1206 confluentes
333 1150 409 1208 Padi
435 1153 466 1208 et
490 1152 604 1209 Aduaer
628 1153 803 1220 fluminum,
831 1153 961 1210 sedecim
987 1152 1059 1207 inde

120 1245 249 1302 millium
272 1248 371 1321 spatio
392 1247 555 1317 distantes,
579 1249 740 1324 petebant,
769 1248 855 1306 Celso
877 1251 908 1305 et
924 1248 1057 1306 Paulino

121 1345 324 1404 abnuentibus
346 1347 474 1404 militem
496 1349 607 1405 itinere
628 1347 754 1415 fessum,
778 1347 907 1404 sarcinis
929 1363 1057 1420 gravem

120 1442 250 1518 objioere
272 1444 368 1513 hosti,
393 1463 452 1502 non
473 1447 622 1503 omissuro
641 1463 699 1519 quo
721 1446 821 1501 minus
843 1444 1004 1519 expeditus
1025 1446 1057 1500 et

118 1541 173 1597 vix
194 1543 325 1614 quatuor
346 1542 443 1599 millia
464 1560 606 1618 passuum
629 1559 806 1617 progressus
827 1544 881 1598 aut
903 1543 1056 1616 incompo-

120 1639 194 1696 sitos
223 1640 254 1696 in
284 1641 405 1714 agmine
429 1643 483 1697 aut
511 1640 663 1714 dispersos
692 1643 722 1696 et
751 1638 865 1696 vallum
894 1638 1057 1696 molientes

119 1737 349 1810 aggrederetur.
370 1739 510 1795 Titianus
530 1738 560 1794 et
581 1737 744 1805 Proculus,
762 1737 814 1792 ubi
835 1735 972 1794 consiliis
987 1737 1055 1793 vin·

119 1837 289 1904 oerentur3,
324 1837 361 1893 ad
385 1835 437 1910 jus
467 1838 587 1911 imperii
616 1837 801 1895 transibant.
839 1836 955 1894 Aderat
981 1853 1056 1893 sane

119 1934 197 1992 citus
219 1952 294 2008 equo
315 1935 449 1993 Numida
469 1953 537 1992 oum
558 1936 730 1993 atrocibus4
751 1935 917 2003 mandatis,
943 1936 1055 2008 quibus

119 2033 197 2089 Otho
217 2033 366 2108 increpita
380 2034 488 2091 ducum
504 2035 637 2108 segnitia
656 2051 719 2090 rem
741 2034 771 2090 in
787 2033 950 2092 discrimen
970 2035 1055 2091 mitti

113 2126 258 2201 jubebat,
276 2146 357 2204 aeger
372 2147 458 2188 mora
472 2132 502 2187 et
517 2131 581 2206 spei
598 2132 790 2207 impatiens⁵.

149 2268 172 2308 4.
192 2260 256 2309 Avril
270 2268 298 2309 69
312 2277 364 2326 apr.
378 2261 441 2310 J.-G.

117 2335 173 2440 hp.
192 2327 340 2376 Dubitotum
349 2343 383 2376 sc.
395 2335 443 2386 est,
454 2343 485 2376 on
499 2326 559 2377 deli-

135 2409 185 2442 era.

609 2279 639 2311 on
658 2266 776 2327 presence
795 2264 825 2312 de
846 2265 975 2324 l'ennemi‚
996 2282 1055 2314 ona

608 2329 645 2377 dit
666 2345 715 2393 que
740 2330 763 2378 le
788 2329 833 2378 but
855 2330 886 2379 de
911 2331 935 2380 la
955 2331 1056 2380 marche

609 2410 640 2441 ne
652 2394 752 2458 pouvait
764 2399 815 2444 dire
826 2394 1013 2446 l'embouohuro
1021 2397 1056 2445 do

150 2489 171 2531 6.
192 2483 237 2530 Les
250 2491 350 2546 troupes
369 2484 482 2546 campdes
503 2485 559 2547 prds

116 2547 148 2596 de
161 2547 310 2603 Brixellum,
325 2551 357 2596 oli
370 2547 429 2596 o'lait
441 2547 532 2597 Othon.

150 2645 204 2685 4⁰.
225 2645 245 2685 1.
265 2637 317 2684 Non
330 2652 374 2701 pas
386 2652 480 2686 comme
496 2653 560 2702 pour

115 2719 149 2750 un
167 2702 278 2758 bombat,
299 2702 360 2750 mais
380 2717 473 2750 commo
497 2719 560 2766 pour

115 2784 164 2817 une
177 2766 334 2832 expedition,
352 2783 416 2832 pour
431 2778 513 2815 enlror
528 2785 559 2816 on

114 2849 258 2898 campagus.
273 2832 345 2881 Aussi
364 2834 399 2880 los
417 2832 523 2882 charims
536 2845 560 2882 et

115 2899 151 2947 los
164 2896 300 2946 vivandiers
310 2897 401 2947 etaient
415 2899 491 2948 mdle's
502 2915 559 2949 avoc

114 2967 150 3012 les
163 2974 272 3028 tronpos.

146 3054 168 3093 2.
188 3045 344 3158 carpiana
358 3046 424 3094 Pudi
436 3053 458 3094 et
469 3044 554 3094 Adra.

113 3112 213 3160 Comme
250 3113 349 3159 idmona
366 3121 390 3158 ot
406 3110 504 3159 l'arme'e
516 3111 556 3159 Vi·

113 3175 232 3225 tellienne
245 3192 270 3224 se
283 3175 421 3224 trouvaiont
438 3185 507 3224 eritne
520 3178 556 3224 los

112 3241 249 3291 Othoniens
273 3250 297 3289 et
320 3240 504 3291 l'embouchure
525 3242 557 3290 de

111 3306 200 3356 l'ndda
221 3306 282 3354 dans
301 3307 324 3355 le
341 3308 389 3363 Pb,
421 3323 452 3355 ue
472 3308 495 3354 ln
507 3307 556 3355 dis·

113 3382 184 3421 tanoe
196 3371 227 3420 do
241 3378 267 3420 16
276 3371 356 3420 milles
375 3322 493 3437 indiqude
511 3388 556 3436 pai·

112 3437 196 3485 Tacito
210 3446 247 3484 est
267 3446 322 3501 trop
341 3437 431 3502 petite,
451 3447 475 3486 et
495 3438 554 3502 qu'il

112 3506 155 3550 ebt
176 3502 236 3549 fallu
258 3501 317 3550 faire
339 3520 386 3551 nne
405 3503 503 3551 marolio
523 3504 555 3552 de

112 3568 176 3619 llano
199 3571 377 3620 extrdmemont
402 3569 555 3640 dangereuse

609 2458 710 2507 l'Adda.
731 2463 744 2508 a
765 2461 853 2509 l’ouest
873 2461 904 2509 de
922 2461 1052 2511 cremone.

609 2524 681 2572 Aussi
693 2525 833 2590 Nipperdey
847 2527 975 2575 renanolie
988 2529 1056 2576 Padi

609 2597 632 2638 et
652 2589 737 2648 Adita,
752 2601 776 2638 et
799 2607 875 2655 pense
898 2594 912 2639 a
936 2591 1054 2641 l'embou-

609 2654 685 2703 chure
698 2655 773 2704 d'nno
787 2656 864 2720 polite
876 2655 962 2707 rivibro
974 2660 989 2706 a
1000 2657 1055 2706 l'est

610 2720 642 2768 de
655 2721 784 2770 Cremona.

643 2793 665 2835 3.
685 2787 730 2837 Ubi
739 2789 927 2836 maceremur.
951 2789 997 2837 Les
1009 2805 1053 2838 au-

610 2860 676 2900 teurs
684 2851 715 2900 de
723 2851 834 2916 l'einpire
842 2852 934 2900 aiment
944 2856 1054 2904 amettre

609 2917 633 2966 le
655 2916 719 2979 subj.
742 2933 799 2966 aveo
822 2919 858 2967 les
881 2917 1053 2980 conjonctions

608 2992 739 3046 marquant
751 2984 774 3031 lo
788 2993 879 3047 temps,
894 2999 957 3047 pour
969 2985 1052 3049 expri-

606 3064 659 3096 inor
672 3065 720 3096 uno
735 3047 816 3097 action
829 3051 945 3112 repertio:
966 3051 1052 3115 quand

607 3112 636 3161 ils
648 3112 740 3162 etaient
753 3113 853 3163 vainans
866 3114 928 3163 daris
941 3115 977 3165 les
990 3117 1052 3165 do'li-

607 3178 741 3227 herations.

638 3252 660 3291 1.
681 3244 744 3293 Avec
754 3243 797 3293 des
806 3245 928 3310 ‹le‘psches
937 3245 1012 3295 dure-s
1026 3257 1052 3296 et

606 3320 771 3366 mariammes.

638 3382 660 3423 5.
679 3375 754 3437 AEper
772 3403 805 3411 -
822 3378 968 3439 impatiens,
991 3379 1050 3426 mal-

605 3439 716 3488 heureux
737 3440 768 3489 ‹le
789 3450 842 3490 toul
859 3442 954 3499 relard,
977 3452 1001 3491 ot
1018 3460 1051 3492 ne

604 3515 752 3619 pppportant
774 3523 818 3574 pas
844 3506 874 3556 de
897 3507 962 3557 vivre
987 3507 1050 3559 dans

622 3586 711 3639 espoir.
