2346 3922
393 234 483 310 tissa
504 239 526 281 1.
551 239 617 283 chr.
641 213 775 282 29-31.
1014 218 1055 281 35

112 360 311 421 transcendet
325 363 390 421 haec
404 363 530 426 licentia
544 368 577 426 in
588 370 774 445 provincias,
793 372 824 428 et
837 367 876 427 ad
893 385 947 428 nos
962 369 1053 428 scele-

112 479 183 519 rum
209 461 339 532 exitum,
367 462 515 524 bellorum
536 467 574 525 ad
599 485 654 527 vos
679 468 887 545 pertinebunt.
916 467 982 527 Nec
1007 471 1054 526 est

113 559 184 635 plus
198 560 278 635 quod
291 577 348 636 pro
366 563 446 620 caede
464 565 612 640 principis
631 584 722 641 quam
741 567 819 642 quod
840 566 1053 624 innocentibus

113 658 218 727 datur,
235 659 286 716 sed
301 659 427 734 perinde
442 678 461 719 a
476 661 563 720 nobis
578 663 757 722 donativum
779 664 817 722 ob
835 664 926 723 fidem
943 665 1053 740 quam⁷

113 756 153 814 ab
168 756 241 815 aliis
256 774 310 832 pro
325 756 461 817 facinore
475 761 643 835 accipietis.
663 781 681 817 n

155 855 208 912 31.
225 853 360 930 Dilapsis
375 856 626 930 speculatoribus,
635 861 737 918 cetera
752 858 859 918 cohors
874 875 934 916 non
949 876 1051 935 asper·

114 953 191 1010 nata
217 951 459 1022 contionantem,
476 956 523 1016 ,ut
550 955 683 1013 turbidis
711 956 802 1014 rebus
830 957 950 1030 evenit,
975 956 1054 1016 forte

112 1049 216 1124 magis
230 1051 262 1107 et
283 1048 366 1107 nullo
381 1049 480 1107 adhuc
499 1050 626 1109 consilio
643 1053 726 1127 rapit
745 1054 833 1126 signa
851 1070 957 1127 quam,
975 1055 1054 1129 quod

113 1151 223 1224 postea
237 1148 386 1206 creditum
402 1151 462 1217 est,
480 1149 601 1208 insidiis
618 1152 649 1208 et
667 1149 872 1211 simulatione.
891 1151 1006 1210 Missus
1024 1154 1055 1209 et

114 1245 223 1305 Celsus
239 1246 375 1305 Marius¹
391 1247 429 1304 ad
444 1246 554 1305 electos
570 1247 689 1322 Illyrici
704 1248 869 1317 exercitus„
885 1248 1055 1323 Vipsania²

114 1345 146 1401 in
172 1344 295 1419 porticu
323 1344 497 1414 tondentes;
525 1347 710 1420 praeceptum
734 1345 857 1404 Amulio
884 1347 997 1405 Sereno
1024 1351 1055 1405 et

115 1443 253 1502 Domitio
269 1441 383 1500 Sabino
398 1441 670 1518 primipilaribus³,
684 1447 719 1501 ut
731 1445 928 1503 Germanicos
939 1444 1054 1504 milites

115 1559 131 1598 a
145 1539 318 1599 Libertatis
332 1540 431 1598 atrio⁴
445 1543 646 1602 accerserent.
667 1541 797 1615 Legioni
813 1541 967 1601 classicae⁵
978 1543 1052 1601 diffi-

116 1637 257 1707 debatur,
275 1637 394 1696 infestae
409 1637 446 1696 ob
461 1640 572 1697 oaedem
587 1639 842 1710 commilitonum,
862 1657 936 1714 quos
954 1641 1053 1716 primo

116 1735 223 1794 statim
244 1735 374 1794 introitu
393 1735 603 1794 trucidaverat
622 1735 730 1797 Galba.
753 1737 892 1812 Pergunt
912 1726 1009 1797 etiam
1020 1740 1054 1796 in

147 1902 172 1944 6.
191 1894 290 1953 sacas
303 1896 496 1959 consequences.
608 1901 622 1942 3
638 1893 786 1957 manipules,
803 1910 837 1942 un
849 1893 881 1943 de
898 1895 991 1946 hastati
1008 1896 1053 1961 (los

149 1969 173 2011 7.
192 1961 300 2010 Perinde
317 1977 393 2024 quom
408 1975 440 2008 au
458 1959 508 2008 lieu
527 1958 559 2008 de
609 1958 701 2008 soldats
721 1959 757 2006 les
773 1959 830 2022 plus
843 1957 956 2025 jeunes),
975 1977 1009 2010 un
1021 1963 1053 2010 de

116 2025 244 2091 l’express.
263 2025 386 2090 classique
401 2026 507 2088 perinde
520 2041 557 2074 oc.
606 2026 735 2087 principes
756 2024 802 2088 (los
826 2025 882 2088 plus
900 2023 920 2072 vi
939 2029 1052 2091 oureus),

152 2099 205 2140 8¹.
235 2099 255 2140 l.
278 2091 369 2141 Marius
391 2091 478 2140 Celsus
501 2089 560 2139 etait
608 2098 634 2138 et
651 2089 733 2139 un'de
748 2091 835 2138 trieris¹
846 2090 891 2152 (les
907 2041 964 2155 pius
977 2093 1052 2166 ages).

118 2157 205 2207 consul
228 2156 343 2222 de‘sign63
370 2155 388 2204 il
412 2155 475 2204 avait
497 2171 561 2205 eom·
609 2154 711 2219 Chaque
731 2155 858 2217 manipula
874 2155 1053 2205 sedivisaitcn

118 2218 207 2271 mande
216 2222 241 2270 la
248 2221 373 2287 15⁶le'gion
383 2237 413 2269 en
423 2219 559 2278 Pannonia,
610 2218 676 2268 deux
683 2219 806 2269 centurias
815 2220 944 2283 (ordinesk
953 2222 989 2270 les
998 2238 1054 2271 cen·

117 2286 175 2336 d’oh
193 2286 238 2335 des
254 2287 439 2336 debachemcnts
459 2285 490 2335 de
507 2284 561 2335 l'ar-
610 2284 686 2334 turies
709 2285 753 2334 des
778 2284 874 2334 triaircs
892 2285 1053 2350 s'appelaient

117 2355 172 2401 mee
195 2351 304 2417 d'lllprie
329 2349 421 2401 etaient
448 2366 524 2400 venus
546 2353 562 2398 a
607 2351 665 2412 pili.
684 2349 797 2414 Quoique
815 2359 879 2400 cette
899 2349 1003 2400 division
1022 2367 1053 2400 en

117 2417 204 2467 Rome.
224 2417 290 2466 Nous
307 2432 381 2466 avons
395 2414 451 2479 dsja
462 2431 494 2464 vu
512 2430 561 2480 que
611 2414 715 2472 hastats,
735 2414 832 2479 princes
851 2424 876 2463 et
896 2414 992 2465 triaires
1011 2419 1053 2466 eut

115 2483 141 2531 la
164 2481 293 2531 Pannonio
322 2480 403 2530 faisait
431 2478 509 2546 partie
529 2480 561 2530 de
610 2479 689 2544 perdu
718 2494 745 2528 sa
770 2478 934 2545 signification
957 2481 1001 2531 des
1030 2482 1053 2530 le

115 2546 229 2612 lillyrie.
610 2554 820 2594 commcncement
833 2545 865 2593 de
880 2545 999 2610 l'empire,
1018 2546 1054 2594 les

150 2619 174 2660 2.
200 2611 319 2673 Vipsania
340 2611 367 2659 s'n
388 2612 489 2673 porticu
512 2615 563 2658 tes·
611 2608 797 2659 commandants
808 2609 852 2658 des
864 2609 988 2659 centurias
997 2626 1054 2660 con-

114 2679 212 2733 dentes,
225 2673 562 2740 campantsousleportique
612 2672 734 2723 tinuaicnt
753 2674 785 2723 de
812 2673 934 2750 s'appeler
957 2674 1054 2740 d'aprbs

115 2739 264 2806 Vipsanicn,
276 2740 396 2792 construit
408 2756 453 2805 par
462 2741 495 2789 li.
506 2739 563 2804 Vip-
611 2754 652 2788 ces
675 2746 765 2789 noms':
793 2738 856 2788 ainsi
877 2741 900 2789 lc
925 2739 1054 2789 centurion

116 2805 205 2857 sanius
222 2804 339 2870 Agrippa,
358 2815 427 2854 entre
439 2806 463 2854 le
474 2804 562 2868 champ
612 2803 740 2868 s'appclait
751 2805 863 2854 bortatur
873 2807 949 2868 prior
961 2820 993 2854 ou
1001 2821 1056 2867 pos-

116 2873 150 2923 de
162 2872 228 2920 Mars
239 2880 265 2920 et
276 2871 299 2920 le
310 2886 379 2919 mons
388 2871 500 2920 Pineios.
612 2872 699 2926 terior,
711 2871 780 2932 pilus
789 2872 865 2932 prior
878 2886 910 2918 ou
920 2873 1053 2933 posterior,

151 2945 175 2986 3.
202 2937 419 2999 Primipilartbss.
447 2936 481 2985 Ce
497 2943 561 2993 mot,
613 2934 681 2983 selon
695 2933 754 2997 qu'il
766 2934 930 2983 commandait
942 2935 966 2983 la
979 2942 1012 2983 1¹⁶
1021 2951 1054 2985 ou

117 3001 204 3051 de'rive
227 3000 259 3050 de
282 3002 443 3063 primipilus,
468 3015 563 3049 comme
612 2999 636 3047 la
654 2999 691 3047 2⁶⁶
706 2999 817 3048 centurie
833 2998 877 3049 des
893 2999 994 3058 hastats,
1013 3000 1057 3049 des

116 3067 259 3116 comederis
281 3066 313 3115 de
340 3067 437 3122 consul,
461 3064 564 3130 designa
612 3062 717 3112 triaires.
740 3064 773 3113 Le
795 3063 903 3128 premier
927 3065 1056 3114 centurion

117 3131 185 3181 celui
203 3130 246 3194 qui
267 3130 387 3180 ascheve
408 3144 452 3178 son
472 3129 565 3178 service
613 3127 657 3177 des
677 3130 780 3177 trioires
800 3129 831 3178 de
852 3130 877 3178 la
901 3136 934 3177 ΙΝ
956 3129 1057 3178 cohorte

118 3196 151 3245 de
164 3194 297 3261 primipile.
316 3197 351 3244 Le
365 3193 496 3245 centurion
516 3193 564 3258 pri·
613 3191 742 3256 s'appelait
757 3196 857 3256 primus
871 3196 940 3257 pilas
957 3209 989 3243 ou
1002 3197 1057 3256 prt-

117 3260 206 3326 mipile
217 3259 277 3309 ctait
293 3260 316 3309 le
332 3259 459 3308 centurion
472 3261 495 3307 le
507 3260 564 3332 plus
612 3259 715 3320 mipilue
734 3259 835 3322 (prior).

118 3328 189 3375 cleve
213 3341 244 3374 cn
267 3324 343 3390 grado
365 3325 397 3373 de
424 3324 448 3372 la
470 3324 561 3388 legion.
647 3330 670 3372 4.
689 3322 723 3371 Ge
740 3324 831 3387 temple
849 3321 912 3371 avait
928 3321 1056 3371 dtefondd

118 3391 140 3440 ll
221 3389 284 3439 avait
313 3397 340 3438 10
367 3389 480 3439 cohortes
503 3389 564 3437 dans
613 3404 658 3455 par
675 3386 730 3436 Tib.
750 3387 910 3452 Sempronius
922 3387 1054 3438 Gracchus.
1127 3386 1129 3391 ’

117 3407 274 3520 unciegion,
284 3454 381 3520 chaque
392 3455 493 3505 cohorte
502 3453 566 3505 avait
647 3461 670 3503 5.
690 3452 718 3503 V.
732 3453 772 3502 ch.
785 3460 809 3517 6,
821 3462 879 3502 note
890 3458 913 3503 9.
