2346 3922
311 192 403 238 umisa
422 194 467 238 m.
492 194 559 238 car.
583 177 719 241 69-70.
933 177 997 239 235

60 324 231 396 cumdedit;
248 343 344 402 eoque
354 315 500 388 concubia
508 330 532 368 ¹⁰
546 332 635 387 nocte
649 344 719 386 suos
733 326 847 386 liberos
862 327 998 386 Sabinus

60 425 93 483 et
113 424 322 484 Domitianum
345 426 451 487 fratris
475 427 573 486 filium
598 429 630 485 in
657 426 842 503 Capitolium
867 426 997 496 accivit,

60 522 154 582 misso
179 540 234 599 per
258 524 398 600 neglecta
422 526 460 585 ad
486 526 653 586 Flavianos
678 524 769 584 duces
794 525 918 595 nuntio,
947 526 999 600 qui

60 619 271 680 circumsideri
285 623 368 697 ipsos
383 625 430 693 et,
447 623 479 681 ni
495 623 723 692 subveniretur,
751 624 836 680 artas
857 639 907 680 res
923 640 999 680 nun-

59 718 166 780 tiaret.
183 721 313 780 Noctem
326 723 401 782 adeo
413 723 548 798 quietam
563 724 628 797 egit
643 725 679 780 ut
693 722 813 798 digredi
835 723 901 781 sine
920 738 1001 780 noxa

12 827 15 833 '
58 819 213 893 potuerit;
230 815 342 897 quippe
358 821 446 881 miles
456 822 578 883 Vitellii
594 822 743 881 adversus
757 821 895 898 pericula
912 819 1000 879 ferox

56 915 217 977 laboribus
231 922 262 977 et
276 919 395 995 vigiliis
409 937 516 996 parum
538 922 676 980 intentus
691 922 775 990 erat,
800 922 831 978 et
851 920 1000 979 hibernus

59 1015 159 1076 imber
170 1021 298 1093 repente
312 1018 397 1078 fusus
412 1020 515 1078 oculos
528 1037 678 1096 auresque
698 1019 894 1097 impediebat.

99 1160 152 1219 70.
176 1159 258 1219 Luce
269 1163 369 1237 prima
380 1162 528 1232 Sabinus,
545 1164 709 1237 antequam
717 1163 750 1220 in
761 1162 861 1219 vicem
873 1159 1000 1219 hostilia

59 1261 246 1334 coaptarent,
263 1260 438 1320 Cornelium
453 1261 630 1321 Martialem
651 1261 947 1339 eprimipilaribus¹
962 1259 1001 1318 ad

58 1358 221 1419 Vitellium
245 1359 331 1418 misit
356 1378 424 1418 cum
444 1360 598 1419 mandatis
623 1363 655 1418 et
679 1361 788 1435 questu
809 1359 889 1433 quod
910 1361 1001 1434 pacta

58 1455 281 1516 turbarentur:
298 1456 525 1515 simulationem
539 1473 665 1532 prorsus
680 1458 711 1514 et
726 1456 893 1530 imaginem
910 1455 999 1530 depo·

58 1553 171 1612 nendi²
182 1554 303 1630 imperii
317 1554 411 1614 fuisse
425 1555 464 1613 ad
478 1554 673 1630 decipiendos
687 1556 735 1613 tot
750 1553 887 1611 illustres
901 1553 998 1612 viros.
1035 1571 1039 1580 ·

58 1648 122 1709 Cur
146 1650 227 1708 enim
248 1669 265 1709 e
285 1652 394 1711 rostris
414 1651 521 1710 fratris
536 1652 673 1720 domum,
698 1650 911 1708 imminentem
931 1649 1000 1708 foro

57 1749 90 1806 et
111 1747 290 1807 irritandis³
311 1750 466 1809 hominum
488 1750 600 1819 oculis,
628 1749 738 1824 quam⁴
763 1748 952 1808 Aventinum
968 1750 1001 1806 et

57 1849 186 1923 penates
204 1848 311 1906 uxoris
332 1849 498 1925 petisset⁵i
524 1850 573 1908 lta
590 1849 714 1924 privato
730 1849 761 1904 et
783 1864 902 1904 omnem
916 1847 1000 1922 prin·

57 1945 178 2022 cipetus
199 1947 329 2022 speciem
350 1947 464 2005 vitanti
486 1948 676 2005 convenisse.
705 1946 820 2005 Contra
838 1945 1000 2004 Vitellium

57 2044 91 2102 in
106 2043 277 2115 Palatium,
296 2046 328 2103 in
343 2045 441 2121 ipsam
463 2046 586 2120 imperii
601 2062 704 2103 arcem
719 2060 911 2120 regressum
930 2044 1001 2102 inde

46 2129 211 2199 ¹armatum
225 2159 334 2218 agmen
350 2143 509 2212 emissum
534 2144 663 2200 stratam
683 2141 893 2199 innocentium
909 2141 998 2199 caedi-

55 2241 114 2299 bus
128 2241 377 2300 celeberrimam⁶
399 2241 485 2300 urbis
500 2243 637 2318 partem;
656 2257 694 2298 ne
709 2240 862 2315 Capitolio
879 2240 1001 2314 quidem

55 2340 219 2399 abstineri.
242 2342 394 2415 Togatum
412 2358 521 2416 nempe
542 2358 574 2399 se
589 2343 619 2398 ct
635 2357 730 2397 unum
752 2357 768 2397 e
789 2339 998 2410 senatoribus,

55 2437 129 2494 dum
145 2437 227 2496 inter
237 2438 460 2512 Vespasianum
475 2454 511 2495 ac
522 2437 683 2496 Vitellium
698 2435 817 2512 proeliis
831 2435 997 2510 legionum,

55 2533 312 2610 captivitatibus⁷
336 2534 472 2604 urbium,
501 2533 709 2591 deditionibus
730 2532 901 2591 cohortium
918 2532 1000 2608 judi.

55 2632 161 2701 catur,
195 2629 261 2706 jam
296 2631 455 2708 Hispaniis
492 2631 726 2706 Germaniisque
762 2632 794 2688 et
835 2630 1001 2689 Britannia

93 2785 128 2829 lo.
148 2778 274 2830 Concabic
285 2794 347 2837 noa,
359 2777 414 2828 nuit
427 2778 503 2838 close,
554 2777 718 2844 gulierement
756 2792 784 2825 ar
799 2784 823 2827 et
840 2779 854 2826 d
870 2779 1001 2827 immineti-

55 2845 91 2895 οὺ
120 2842 170 2894 l’on
199 2853 237 2894 est
264 2844 312 2893 alle'
341 2861 368 2894 se
397 2844 505 2894 coucber
554 2852 615 2902 tem,
630 2852 714 2893 estun
744 2841 791 2891 atil
802 2841 844 2908 qui
860 2843 1001 2908 marquele

56 2909 185 2975 (cubare),
202 2913 217 2959 d
241 2926 290 2975 peu
303 2913 359 2975 pres
377 2910 401 2959 le
419 2909 504 2958 milieu
554 2909 608 2959 but.
622 2909 650 2958 V.
664 2925 702 2973 gr.
713 2907 823 2966 deTac.‚
840 2914 877 2957 68.

55 2984 129 3026 entre
149 2976 174 3025 lc
194 2975 340 3041 crepuscula
360 2975 394 3024 du
414 2975 464 3026 soir
479 2984 505 3024 et
586 2983 609 3023 4.
628 2975 754 3036 Quom:
763 2976 849 3036 potius
866 2989 952 3037 quom.
970 2975 999 3025 V.

56 3040 157 3090 minuit.
553 3055 591 3105 gr.
605 3040 636 3089 dc
648 3041 717 3097 Tac,
733 3045 782 3087 163.

94 3147 146 3189 so.
175 3148 196 3188 1.
218 3140 403 3204 remanare.
424 3139 453 3191 v.
476 3139 501 3198 1.
554 3105 723 3229 1032&ssss
732 3111 842 3219 pecasset.
855 3105 884 3154 V·
898 3104 997 3164 ‘hm’

56 3213 100 3264 3¹2
114 3213 211 3299 ”⁰²⁶3ss
429 3289 434 3300 .
464 3289 468 3300 Ι
586 3244 608 3286 t.
628 3236 833 3294 celeberrimam,
847 3234 871 3284 la
883 3235 940 3301 plus
954 3234 1000 3286 ire·

90 3293 113 3337 2.
131 3288 268 3350 Imcqmem
295 3287 434 3349 deponendi
459 3303 503 3336 im·
553 3305 671 3368 quemse,

54 3355 131 3417 perii,
146 3351 277 3401 simulacre
293 3351 470 3402 d'abdication.
585 3375 607 3416 7·
644 3365 838 3430 Captivipapipu,
879 3364 996 3425 urbium,

92 3441 113 3485 3.
131 3435 270 3485 irritandis
287 3436 378 3494 ocula,
398 3433 432 3484 lie
444 3433 503 3484 irre·
552 3433 631 3500 prices
639 3431 756 3484 devilles.
766 3432 794 3482 V.
802 3430 995 3500 gr.dcTac.‚8³.
