2346 3922
330 266 421 310 mem
440 267 473 313 11.
499 267 564 311 cnr.
589 248 722 313 88-91,
943 249 1002 312 165

54 415 136 459 mox
160 398 317 458 duodecim
332 398 450 457 alarum
471 399 559 475 signa
581 402 696 476 etpost
717 400 853 474 peditum
879 400 1001 458 ordines

55 514 171 571 eques;
188 497 258 555 dein
282 499 415 571 quatuor
435 499 466 554 et
486 497 618 572 triginta
636 499 806 567 cohortes⁴,
828 501 862 556 ut
876 499 1000 555 nomina

58 596 202 672 gentium
217 597 271 653 aut
292 593 407 669 species
421 611 576 653 armorum
598 595 728 665 forent⁵,
746 597 897 655 discretae.
920 597 1000 654 Ante

57 693 184 769 aquilas
197 692 334 770 praefecti
349 695 536 751 castrorum⁶
550 695 729 772 tribunique
744 700 775 754 et
790 694 882 771 primi
897 697 999 752 centu-

58 793 202 863 rionum⁷
230 791 360 849 candida
388 795 489 861 veste,
517 795 611 852 ceteri
636 794 729 870 juxta
757 811 843 853 suam
872 793 1000 867 quisque

58 890 249 958 centuriam,
280 889 375 946 armis
404 889 569 965 donisque⁸
597 891 762 966 fulgentes;
801 895 833 949 et
866 889 999 947 militum

59 987 215 1064 phalerae⁹
229 990 412 1062 torquesque
428 987 643 1062 splendebant:
661 991 770 1048 deeora
785 989 878 1048 facies
893 991 924 1045 et
939 1005 999 1045 non

58 1085 191 1153 Vitellio
214 1086 354 1161 principe
378 1085 488 1159 dignus
498 1087 521 1122 ¹⁰
549 1088 713 1149 exercitus.
742 1089 793 1146 Sic
814 1087 999 1163 Capitolium

58 1185 219 1259 ingressus
244 1184 337 1257 atque
362 1182 405 1240 ibi
430 1184 558 1241 matrem
584 1185 759 1259 complexus
778 1186 925 1258 Augustae
947 1202 998 1242 no·

58 1285 147 1341 mine
166 1281 341 1340 honoravit.

72 1411 76 1414 ’
100 1409 153 1467 90.
177 1408 307 1467 Postera
322 1405 385 1474 die,
409 1408 564 1481 tamquam
586 1407 666 1481 apud
688 1405 833 1465 alterius¹
860 1404 998 1462 civitatis

59 1509 201 1565 senatum
215 1505 434 1580 populumque,
451 1503 646 1576 magnificam
669 1505 837 1562 orationem
853 1503 889 1560 de
904 1504 999 1560 semet

58 1605 129 1678 ipso
159 1602 324 1678 prompsit,
363 1600 547 1659 industriam
582 1602 877 1676 temperantiamque
912 1616 998 1658 suam

57 1700 202 1759 laudibus
221 1699 379 1767 attollens,
401 1699 532 1756 consciis
553 1696 742 1772 flagitiorum
765 1699 841 1773 ipsis
856 1698 907 1772 qui
929 1697 997 1754 ade-

57 1801 133 1856 rant
147 1798 288 1873 omnique
307 1797 414 1864 Italia,
432 1815 487 1872 per
501 1813 592 1872 quam
614 1808 719 1855 somno
739 1799 770 1854 et
788 1796 863 1853 luxu
885 1795 997 1871 puden-

58 1898 119 1955 dus
142 1897 319 1956 incesserat.
347 1895 465 1968 Vulgus
490 1898 593 1953 tamen
612 1913 743 1953 vaouum
768 1895 850 1954 curis
875 1897 906 1952 et
932 1895 998 1951 sine

57 1995 131 2054 falsi
155 1996 280 2070 verique
304 1994 482 2053 discrimine
506 1994 614 2052 solitas
641 1994 834 2052 adulationes
859 1992 998 2050 edoctum

58 2096 193 2156 clamore
217 2098 248 2153 et
266 2094 393 2153 vocibus
418 2093 627 2170 adstrepebat:
655 2093 863 2168 abnuentique
887 2109 997 2149 nomen

56 2193 193 2269 Augusti
214 2208 389 2267 expressere
410 2193 444 2249 ut
464 2193 650 2259 assumeret,
673 2193 737 2249 tam
757 2190 889 2248 frustra²
906 2205 997 2263 quam

57 2291 269 2350 recusaverat.

101 2409 151 2468 91.
175 2407 263 2484 Apud
289 2406 447 2465 civitatem
469 2409 579 2465 cuncta
604 2406 858 2481 interpretantem
883 2404 997 2465 funesti

54 2508 170 2593 ominis
190 2507 256 2565 loco
271 2503 429 2581 acceptum
440 2509 486 2564 est
501 2506 580 2580 quod
602 2505 769 2562 maximnm
785 2503 996 2580 pontificatum

55 2607 188 2681 adeptus
202 2604 347 2665 Vitellius
361 2605 398 2662 de
419 2603 604 2662 caerimoniis
623 2602 754 2678 publicis
775 2604 834 2663 XV
848 2602 997 2660 kalendas

92 2776 116 2820 4.
135 2763 442 2817 Cohortesd’auxiliaires.
589 2771 623 2812 10.
650 2763 727 2829 Digne
750 2761 841 2812 d'avoir
864 2779 897 2812 un
926 2774 997 2813 autre

91 2841 114 2883 5.
128 2833 158 2884 Ut
166 2860 199 2870 —
205 2834 290 2896 [orent
301 2847 364 2895 pour
372 2837 459 2879 essent.
470 2831 505 2879 Le
554 2828 613 2878 chel
624 2845 672 2894 que
683 2828 805 2878 Vitellius.

56 2898 124 2964 subj.
136 2913 193 2946 avec
201 2905 242 2954 ut,
257 2896 325 2946 selon
333 2911 390 2960 que,
402 2910 505 2960 maique
586 2902 642 2943 ΩΟ.
663 2903 682 2942 1.
697 2893 819 2951 Alterius,
831 2892 892 2942 dens
904 2893 927 2942 le
939 2910 996 2942 sens

55 2967 82 3015 la
97 2963 240 3031 repetition.
554 2958 587 3008 du
597 2959 687 3024 genitis
696 2959 785 3008 inusite'
793 2962 859 3008 otius
868 2959 905 3023 (V.
918 2975 954 3023 gr.
964 2959 996 3007 de

92 3038 115 3078 6.
136 3030 162 3078 V.
177 3028 213 3086 ll,
227 3034 268 3087 29,
281 3035 370 3075 noted.
553 3025 581 3073 Τ.
595 3025 648 3090 94);
670 3040 706 3072 un
726 3030 800 3074 autre
817 3027 887 3072 senat
907 3038 956 3088 que
972 3025 996 3072 le

92 3105 114 3144 7.
143 3095 227 3145 Primi
250 3094 424 3141 centurionum
447 3101 504 3141 sont
553 3093 622 3139 senat
634 3089 741 3145 romain,
755 3089 798 3154 qui
811 3091 834 3138 lc
846 3089 996 3139 connaissait

57 3163 96 3211 lca
106 3160 151 3209 dix
170 3158 289 3224 premiere
301 3156 443 3206 centurione
459 3158 503 3206 des
553 3165 608 3220 trop
620 3155 686 3204 bien.
744 3148 749 3158 “

58 3226 182 3277 triaricns.
202 3223 240 3274 Gl.
255 3223 278 3280 l,
293 3229 329 3279 31,
343 3231 401 3271 note
413 3230 435 3276 3.
586 3228 607 3269 2.
627 3222 745 3269 Frustra.
764 3220 783 3270 ll
798 3218 886 3284 priten
898 3218 953 3269 vein
966 3235 995 3268 ce

92 3300 115 3342 8.
135 3287 424 3344 Dons=decorations,
444 3303 502 3336 con·
552 3302 623 3340 nom,
648 3284 766 3349 puisqu'il
789 3301 820 3334 ne
843 3284 924 3334 deruit
950 3300 994 3349 pes

56 3357 146 3408 sistant
158 3363 255 3409 surtout
267 3370 297 3402 eu
309 3352 408 3402 colliers
428 3362 453 3401 et
471 3369 502 3402 en
552 3349 662 3399 retarder
679 3367 706 3398 sa
723 3349 810 3408 chute;
832 3349 850 3398 il
871 3349 951 3399 l'evait
963 3365 993 3397 en

57 3423 184 3490 phaleras.
552 3416 606 3465 vain
624 3414 719 3474 refuso,
733 3431 775 3464 car
792 3431 824 3465 on
841 3415 865 3464 lc
884 3415 950 3473 lorea
962 3413 994 3462 de

91 3496 114 3538 9.
134 3488 162 3538 V.
176 3487 200 3545 l,
214 3492 251 3544 57,
264 3493 322 3532 note
333 3491 367 3533 lu.
551 3482 690 3545 l'acceptcr.
