2346 3922
111 207 172 267 318
335 222 478 266 connum
499 220 599 264 rncrrr
619 222 833 265 ursaonmauu

112 355 270 431 praefecto,
302 353 354 428 qui
380 352 640 413 detrectaverant.
675 354 826 413 Classicus
858 352 1045 430 corruptiori·

113 471 196 511 mum
215 470 364 528 quemque
379 470 396 509 e
411 452 523 511 deditis
548 469 677 528 pergere
702 452 740 510 ad
766 453 924 510 obsessos⁵
944 452 1044 528 jubet,

112 553 235 610 reniam
256 553 446 609 ostentantes
474 552 499 609 si
524 553 690 627 praesentia
716 554 934 625 sequerentur;
963 550 1048 610 aliter

113 648 191 706 nihil
220 649 302 723 spei,
333 647 444 705 famem
472 647 647 723 ferrumque
673 650 703 706 et
732 650 872 706 extrema
896 665 1045 723 passuros.

114 748 261 824 Adjecere
275 748 327 822 qui
342 748 428 805 missi
445 750 534 806 erant
549 747 721 823 exemplum
736 765 835 807 suum.

154 859 203 918 60.
231 857 375 916 Obsessos
391 857 462 914 hinc
477 857 568 926 fides,
587 858 657 915 inde
672 860 792 934 egestas
807 858 892 915 inter
906 858 997 916 decus
1017 870 1048 912 ac

113 956 266 1031 flagitium
281 956 504 1014 distrahebant.
525 956 747 1013 Cunctantibus
762 956 854 1014 solita
868 956 1048 1030 insolitaque

115 1054 263 1111 alimenta
291 1052 432 1121 deerant,
470 1053 640 1128 absumptis
670 1052 819 1128 jumentis
848 1054 996 1128 equisque
1023 1054 1049 1109 et

57 1157 59 1162 ’
114 1153 224 1210 ceteris
249 1151 449 1220 animalibus,
478 1169 545 1226 quae
570 1151 699 1228 profana
723 1151 892 1226 foedaque¹·
907 1153 940 1209 in
966 1169 1048 1210 usum

114 1249 280 1306 necessitas
304 1249 411 1307 vertit.
442 1249 588 1325 Virgulta
616 1238 770 1324 postremo
802 1252 834 1307 et
861 1251 995 1324 stirpes²
1021 1250 1050 1305 et

114 1348 285 1405 internatas
310 1347 393 1404 saxis
415 1346 525 1404 herbas
546 1347 694 1406 vellentes
715 1346 910 1405 miseriarum
935 1348 1050 1421 patien-

113 1446 225 1520 tiaeque
254 1446 468 1503 documentum
496 1444 596 1514 fuere,
628 1446 723 1503 donee
751 1446 907 1521 egregiam
932 1444 1051 1502 laudem

112 1543 171 1599 fine
185 1542 270 1617 turpi
285 1541 490 1612 macularent,
509 1543 611 1601 missis
626 1543 663 1600 ad
679 1542 809 1601 Civilem
826 1542 940 1616 legatis
956 1542 1050 1599 vitam

114 1642 248 1698 orantes.
272 1640 378 1714 Neque
404 1642 476 1697 ante
501 1658 607 1715 preces
632 1641 772 1698 admissae
788 1657 878 1715 quam
904 1639 937 1698 in
959 1640 1053 1697 verba

115 1739 285 1796 Galliarum
306 1737 460 1813 jurarent.
491 1738 569 1796 Tum
594 1741 701 1814 pactus
723 1739 856 1814 praedam
881 1740 1053 1796 castrorum

115 1837 168 1895 dat
189 1837 329 1894 custodes
352 1838 405 1910 qui
432 1837 609 1912 pecuniam,
634 1837 770 1905 calones,
794 1836 932 1894 sarcinas
953 1839 1052 1893 reten-

114 1936 218 1992 tarent
246 1936 338 2007 atque
366 1933 448 2007 ipsos
472 1932 575 1991 leves³
603 1934 750 1991 abeuntes
781 1934 1052 2008 prosequerentur.

114 2031 161 2088 Ad
182 2030 341 2105 quintum⁴
366 2030 430 2087 fere
455 2029 587 2106 lapidem
609 2031 706 2088 coorti
728 2031 873 2089 Germani
895 2030 1055 2087 incautum

114 2146 223 2204 agmen
249 2129 482 2204 aggrediuntur.
510 2130 762 2203 Pugnacissimus
781 2129 909 2203 quisque
935 2129 968 2186 in
986 2145 1054 2185 ves·

112 2228 206 2302 tigio,
224 2226 313 2285 multi
329 2227 467 2302 palantes
482 2228 665 2297 occubuere;
694 2229 788 2287 ceteri
803 2229 887 2285 retro
903 2227 936 2283 in
951 2229 1056 2284 castra

113 2323 307 2400 perfugiunt,
331 2327 477 2398 querente
504 2342 576 2382 sane
602 2324 701 2384 Civile
726 2326 756 2383 et
782 2325 961 2399 increpante
980 2325 1054 2382 Ger-

112 2441 218 2482 manos
233 2423 409 2497 tamquam⁵
423 2423 512 2481 fidem
528 2440 582 2498 per
598 2424 694 2482 scelus
710 2409 938 2498 abrumperent.
957 2422 1056 2481 Simu·

113 2521 177 2579 lata
202 2539 239 2579 ea
264 2520 397 2590 fuerint,
432 2538 472 2578 an
506 2523 641 2581 retinere
670 2523 831 2581 saevientes
860 2522 1053 2596 nequiverit,

36 2654 39 2663 .
113 2636 221 2693 parum
249 2619 429 2679 affirmatur.
468 2621 605 2696 Direptis
634 2622 744 2679 castris
773 2621 853 2678 faces
889 2619 1051 2696 injiciunt,

113 2719 298 2791 cunctosque
314 2717 365 2792 qui
381 2717 489 2792 proelio
510 2717 725 2793 superfuerant
743 2717 917 2776 incendium
936 2717 1052 2776 hausit.

156 2821 206 2879 61.
231 2821 339 2880 Civilis
361 2821 491 2879 barbaro
512 2824 603 2880 rotol
619 2825 687 2897 post
706 2825 805 2900 coepta
826 2823 974 2880 advorsus
993 2822 1054 2880 Ro-

147 2965 168 3006 5.
189 2956 314 3012 Obsessos,
328 2956 448 3004 lVe‘tera.
606 2956 646 3014 V.,
660 2968 688 3021 pr
701 2956 794 3020 l'erpl.,
809 2972 846 3020 gr.
860 2956 891 3005 de
904 2956 961 3005 Tac.
981 2965 1032 3006 130.

146 3030 201 3070 ⁶⁰.
216 3030 236 3070 l.
251 3022 367 3085 Profona
375 3023 503 3085 foedoque,
515 3020 558 3069 im·
639 3030 695 3070 ⁶1.
714 3030 735 3070 1.
753 3023 868 3070 Barbare
884 3029 947 3071 uoto.
969 3022 997 3071 T.
1018 3022 1055 3072 dit

114 3103 173 3151 purs
186 3096 210 3135 et
221 3087 381 3152 de'godtants,
401 3101 495 3134 comme
513 3086 557 3135 des
606 3086 667 3135 dans
677 3087 801 3145 laGerm„
813 3095 839 3136 31
851 3087 1055 3154 :C'estunusage

113 3153 212 3209 chiens,
226 3152 270 3200 des
282 3161 344 3208 rats,
360 3161 407 3200 etc.
606 3153 706 3217 general
714 3153 773 3201 ohez
781 3152 959 3201 lesChartesde
968 3153 1054 3202 laisser

148 3226 169 3266 2.
192 3219 305 3279 Virqultu
321 3223 344 3265 rt
355 3220 458 3280 stirpes,
472 3215 557 3265 brous-
606 3218 759 3275 eroit1·e,dds
769 3217 1052 3282 lapremierejeunesse,

114 3283 196 3332 sailles
209 3293 233 3332 et
245 3282 349 3331 recines.
606 3283 641 3332 les
654 3284 764 3332 cheveux
785 3293 809 3331 et
829 3284 852 3331 la
868 3283 959 3343 barbe,
981 3294 1007 3333 et
1026 3302 1054 3334 ce

146 3357 168 3398 3.
188 3350 276 3406 Laocs,
297 3347 445 3411 ddpouille's.
606 3349 667 3397 n'esl
679 3347 793 3413 qu'apres
807 3347 879 3398 *avoir
898 3352 940 3398 tue
961 3366 994 3398 un
1013 3366 1054 3400 en·

147 3422 170 3462 4.
190 3413 228 3462 Aa
245 3416 374 3476 quintum,
396 3417 411 3461 d
431 3429 480 3477 peu
500 3416 557 3478 pres
606 3414 671 3462 nemi
690 3414 763 3479 qu'ils
777 3413 885 3478 quittent
900 3423 939 3463 cet
953 3425 1051 3480 aspect,

112 3481 126 3530 ὲ
140 3495 190 3529 une
201 3478 267 3528 liene
279 3487 303 3528 et
315 3477 412 3533 damie,
606 3480 650 3543 qui
671 3490 707 3529 est
726 3481 749 3528 la
770 3480 834 3528 suite
845 3479 904 3529 d’un
917 3496 971 3530 voeu
988 3491 1014 3531 et
1029 3483 1053 3532 le

137 3554 160 3598 5.
186 3547 339 3619 Tamquam,
371 3543 456 3597 disant
479 3559 561 3614 qne...
611 3545 880 3612 gagedeleorraleur.
