2346 3922
370 242 462 286 orans
483 240 525 286 1v.
549 240 615 287 cnr.
640 221 773 288 68-70.
991 224 1052 287 327

115 373 238 451 jamque
249 391 341 450 super
352 378 443 450 caput
455 376 590 450 legiones
599 379 619 446 ¹,
634 375 894 451 sapientissimum
906 393 1054 450 quemque

116 476 293 532 reverentia
316 473 449 549 fideque,
473 475 613 551 juniores
634 475 769 550 periculo
790 492 826 531 ac
850 476 932 532 metu
958 475 1053 532 conti-

117 572 207 640 nuit,
245 574 277 630 et
304 570 463 631 Valentini
499 574 636 630 animum
671 573 853 641 laudabant,
893 573 1054 631 consilium

115 669 259 745 Auspicis
274 670 489 744 sequebantur.
508 672 636 730 Constat
650 672 806 729 obstitisse
822 672 967 730 Treveris
981 672 1052 729 Lin-

116 767 307 842 gonibusque
335 767 415 842 apud
444 767 576 837 Gallias,
602 769 681 842 quod
702 768 842 828 Vindicis
861 770 964 825 motu²
986 786 1054 825 cum

115 865 265 940 Verginio
287 868 447 926 steterant.
467 867 626 925 Deterruit
648 866 807 941 plerosque
825 866 1053 941 provinciarum

115 965 289 1024 aemulatio:
307 965 386 1041 quod
407 964 487 1022 bello
506 965 616 1040 caputl
633 965 739 1024 Unde³
756 964 809 1040 jus
824 964 1053 1039 auspiciumque

114 1064 293 1138 peteretur?
316 1064 427 1132 Quam,
451 1063 477 1121 si
493 1066 603 1121 cuneta
617 1063 847 1138 provenissent,
875 1062 976 1120 sedem
998 1063 1052 1119 im-

114 1162 202 1237 perio
216 1161 375 1235 legerentl
395 1159 538 1219 Nondum
554 1160 701 1229 victoria,
721 1161 787 1236 jam
802 1159 954 1218 discordia
969 1161 1051 1228 erat,

114 1258 188 1317 aliis
202 1259 332 1327 foedera,
349 1258 531 1334 quibusdam
552 1276 623 1334 opes
638 1259 780 1334 viresque
800 1261 854 1317 aut
869 1259 1056 1316 vetustatem

115 1357 249 1432 originis
269 1374 323 1432 per
333 1357 441 1432 jurgia
450 1357 643 1432 jactantibus
656 1381 663 1426 ;
681 1357 772 1416 taedio
787 1357 960 1416 futurorum
980 1374 1055 1431 prae-

115 1457 218 1514 sentia
246 1455 399 1529 placuere.
438 1455 623 1514 Scribuntur
650 1456 688 1514 ad
718 1458 869 1514 Treveros
897 1454 1055 1531 epistulae*

114 1555 240 1612 nomine
255 1554 441 1621 Galliarum,
464 1555 499 1610 ut
517 1552 709 1610 abstinerent
730 1553 839 1621 armis,
868 1551 1056 1627 impetrabili

113 1653 209 1710 venia
223 1654 254 1710 ct
269 1652 386 1728 paratis
402 1651 666 1726 deprecatoribus,
691 1652 718 1708 si
739 1650 916 1726 paeniteret;
938 1650 1056 1709 restitit

115 1752 198 1810 idem
226 1750 410 1810 Valentinus
439 1750 654 1824 obstruxitque
682 1751 820 1809 civitatis
855 1767 917 1808 suae
949 1765 1053 1815 aures,

118 1849 199 1907 haud
216 1848 342 1923 perinde
356 1848 544 1914 ,instruendo
558 1849 637 1906 bello
650 1849 786 1907 intentus
801 1865 891 1922 quam
915 1848 1057 1921 frequens

115 1946 341 2006 contionibust.

122 2085 125 2089 ’
157 2076 208 2134 70.
232 2073 335 2149 Igitur
363 2090 424 2131 non
449 2072 577 2133 Treveri
607 2088 705 2146 neque
728 2069 882 2145 Lingones
907 2072 1055 2128 ceteraeve

114 2172 278 2232 rebellium
304 2171 450 2230 civitates
474 2189 530 2247 pro
550 2170 764 2245 magnitudine
790 2169 922 2244 suscepti
949 2168 1053 2227 discri-

114 2272 208 2333 minis
223 2288 331 2346 agere;
351 2288 388 2328 ne
403 2271 494 2328 duces
509 2270 629 2344 quidem
656 2270 687 2326 in
703 2285 797 2326 unum
813 2267 984 2336 consulere,
1003 2267 1055 2326 sed

115 2370 225 2430 Civilis
250 2371 324 2429 avia
351 2367 533 2443 Belgarum¹
563 2366 763 2435 circumibat,
794 2366 865 2424 dum
895 2365 1055 2424 Claudium

114 2470 289 2528 Labeonem
318 2485 426 2543 capere
455 2468 509 2525 aut
537 2465 703 2524 exturbare
737 2465 863 2533 nititur3
904 2464 1055 2523 Classicus

114 2582 208 2642 segne
229 2566 408 2642 plerumque
423 2566 519 2623 otium
545 2564 690 2622 trahens*
705 2563 792 2621 velut
812 2564 901 2637 parto
927 2563 1055 2637 imperio

113 2663 290 2736 fruebatur;
322 2683 360 2723 ne
382 2665 479 2723 Tutor
499 2664 622 2740 quidem
650 2661 820 2720 maturavit
849 2661 1055 2735 superiorem³

147 2855 201 2898 θ’.
224 2854 245 2895 1.
260 2846 492 2908 tentavissem.
642 2843 666 2892 4.
687 2843 820 2905 Epistulae,
834 2857 883 2890 une
895 2840 976 2889 lettre.

148 2923 170 2963 2.
190 2914 258 2963 Motu
278 2911 338 2971 (abl.
360 2910 392 2959 de
413 2911 513 2975 temps),
536 2910 560 2959 le
643 2915 665 2957 5.
677 2910 803 2971 Frequens
812 2905 965 2956 contionibus
974 2905 1053 2971 (abl),

113 2982 285 3030 soulevement
307 2976 339 3025 de
358 2974 454 3024 Vindex
475 2984 561 3025 contre
611 2973 700 3022 second
712 2989 743 3021 en
759 2973 905 3036 harangues.

113 3048 196 3096 Neron
209 3044 241 3109 (u.
253 3042 277 3099 l,
291 3048 318 3098 8,
333 3050 403 3089 notes
415 3048 428 3089 5
440 3049 464 3090 et
480 3049 510 3104 7).
646 3046 698 3086 ⁸0.
711 3047 730 3087 l.
742 3036 806 3086 Avia
814 3038 948 3100 Belgarum
956 3051 1054 3100 nepcu·

148 3119 170 3160 3.
192 3111 260 3160 Unde
273 3135 306 3143 —
316 3109 464 3169 peteretur?
483 3103 560 3170 Aqui
609 3112 667 3151 vent
679 3107 730 3152 etre
749 3119 798 3167 que
816 3103 851 3151 les
870 3101 961 3166 parties
977 3104 1055 3150 mare-

114 3172 330 3226 demanderait-on
351 3173 375 3220 le
395 3169 461 3220 droit
480 3180 505 3219 et
525 3171 560 3219 lcs
610 3184 728 3233 cageuses
756 3178 781 3217 et
809 3183 916 3232 presque
945 3165 1055 3216 dissertes

95 3278 98 3284 -
114 3241 244 3306 auspices?
257 3239 319 3299 Qucl
329 3236 403 3286 serait
416 3236 561 3299 l'empcreur
611 3236 690 3296 (ovio)
709 3233 741 3282 de
760 3232 784 3282 la
796 3232 903 3282 Flandre
921 3248 953 3280 au
966 3231 1012 3280 sud
1024 3232 1056 3281 de

135 3308 172 3364 ui,
193 3320 287 3355 comme
305 3304 364 3352 chez
382 3302 417 3350 les
429 3301 558 3358 Romains,
610 3299 796 3348 l'embouchurc
808 3297 839 3346 de
850 3296 966 3347 l'E'scaut.

113 3324 247 3421 donnerait
257 3371 280 3418 le
292 3365 395 3432 pouvoir
404 3369 508 3430 &netum
517 3369 562 3414 tm·
643 3373 665 3412 2.
676 3365 752 3427 Segne
760 3364 955 3420 otiumtrabens,
963 3360 1056 3410 s'aban-

112 3438 225 3502 perium)
238 3435 270 3484 de
282 3433 342 3483 faire
363 3433 386 3481 la
398 3447 485 3500 guerre
503 3447 560 3481 sous
610 3429 722 3478 donnant
735 3433 749 3477 t
763 3445 796 3477 un
813 3429 883 3477 ldchc
895 3445 921 3477 re
956 3444 976 3477 s.

114 3519 154 3556 ses
167 3501 299 3572 auspices?
644 3502 666 3547 3.
685 3495 859 3562 Superiorem,
873 3510 917 3545 nc
937 3499 1053 3556 ,59,n.t.
