2346 3922
398 155 488 197 amaa
508 155 530 196 1.
554 155 620 198 cnr.
645 137 777 198 63-65.
1020 138 1061 201 65

119 286 234 344 Valens
248 285 514 344 animaduersione
533 301 700 361 paucorum
717 283 828 342 oblitos
843 283 909 360 jam
924 285 1060 344 Batavos

118 384 240 459 imperii
255 384 473 442 admonuisset.
491 384 622 442 Frustra
636 384 784 442 adversus
795 383 915 442 AEduos
930 384 1060 458 quaesita

118 482 191 540 belli
213 500 326 541 causa:
346 481 429 557 ‘jussi
454 482 615 558 pecuniam
633 483 725 556 atque
744 497 831 540 arma
852 480 969 540 deferre
990 498 1058 556 gra·

117 580 215 637 tuitos
230 580 356 655 insuper
374 580 559 637 commeatus
578 578 744 653 praebuere.
770 577 856 643 Quod
876 577 973 636 AEdui
999 576 1058 636 for·

118 678 250 746 midine,
268 677 505 751 Lugdunenses⁶
519 676 630 750 gaudio
648 674 758 733 fecere.
777 675 836 734 Sed
851 675 932 749 legio
948 674 1058 733 Italica

118 777 151 832 et
164 775 215 832 ala
229 776 403 834 'lauriana⁷
418 774 576 832 abductae:
595 773 767 831 cohortem8
782 773 1057 831 duodevicesimam

117 871 276 945 Lugduni,
294 870 394 929 solitis
409 870 487 928 sibi⁹
502 869 655 938 hibernie,
673 870 806 946 relinqui
817 870 948 946 placuit.
971 871 1057 929 Man-

117 970 179 1027 lius
193 970 309 1029 Valens
328 970 449 1044 legatus
465 969 582 1028 Italicae
596 968 745 1043 legionis,
773 986 956 1044 quamquam
981 969 1058 1027 benc

118 1069 155 1126 de
166 1068 307 1144 partibus
321 1068 464 1137 meritus,
482 1067 565 1126 nullo
580 1068 660 1143 apud
675 1067 835 1127 Vitellium
850 1069 965 1126 honore
978 1067 1054 1126 fuit:

117 1173 245 1230 secretis
260 1190 328 1231 eum
343 1171 610 1230 criminationibus
625 1170 829 1230 infamaverat
840 1172 956 1231 Fabius
972 1173 1056 1247 igna-

117 1288 186 1328 rum
201 1273 246 1340 et,
264 1288 323 1345 quo
339 1270 493 1329 incautior
507 1269 710 1346 deciperetur,
728 1269 830 1345 palam
845 1270 1013 1328 laudatum.

158 1369 209 1429 65.
234 1371 376 1428 Veterem
395 1370 477 1427 inter
496 1369 715 1444 Lugdunenses
736 1372 767 1427 et
782 1369 974 1428 Viennenses
996 1369 1055 1428 dis·

118 1467 253 1525 cordiam
285 1468 474 1542 proximum¹
508 1466 621 1525 bellum
652 1467 844 1527 accenderat.
885 1468 992 1527 Multae
1023 1468 1055 1526 in

116 1566 215 1623 vicem
237 1565 365 1635 clades2,
389 1565 525 1623 crebrius
547 1563 750 1640 infestiusque
772 1582 862 1641 quam
882 1569 916 1625 ut
935 1568 1056 1625 tantum

116 1667 243 1738 propter
270 1663 425 1722 Neronem
450 1662 639 1738 Galbamque
664 1667 864 1738 pugnaretur.
896 1666 936 1721 Et
957 1663 1056 1722 Galba

116 1760 233 1818 reditus
251 1754 502 1834 Lugdunensium
524 1760 683 1817 occasione
702 1760 756 1817 irae
778 1760 809 1817 in
828 1759 935 1818 fiscum
955 1762 1054 1818 verte·

116 1861 181 1928 rat;
199 1859 313 1917 multus
334 1861 442 1917 contra
464 1858 495 1915 in
510 1858 700 1916 Viennenses
722 1859 839 1917 honor:
864 1858 943 1916 unde
964 1870 1054 1916 aemu-
1143 1859 1149 1869 ’

114 1956 191 2015 latio
207 1961 238 2015 et
253 1958 373 2016 invidia
384 1959 415 2015 et
427 1975 487 2015 uno
498 1974 587 2015 amne
599 1957 759 2016 discretis³
774 1974 922 2015 conexum
939 1957 1051 2020 odium.

117 2056 218 2130 Igitur
241 2055 462 2130 Lugdunenses
486 2055 684 2114 exstimulare
711 2055 848 2130 singulos
868 2054 1002 2113 militum
1023 2058 1055 2114 et

117 2152 148 2209 in
173 2153 363 2210 eversionem
388 2152 609 2210 Viennensium
634 2151 804 2228 impellere,
833 2152 986 2210 obsessam
1014 2152 1053 2210 ab

115 2253 177 2311 illis
203 2253 353 2310 coloniam
379 2269 479 2321 suam,
507 2251 627 2327 adjutos
653 2250 793 2310 Vindicis
802 2253 957 2320 -ccnatus,
984 2267 1053 2308 con-

114 2352 247 2425 scriptas
264 2367 360 2425 nuper
373 2349 511 2424 legiones
523 2350 553 2407 in
569 2350 746 2425 praesidium
761 2349 867 2408 Galbae
881 2349 1050 2410 referendo.

114 2451 153 2508 Et
173 2449 226 2507 ubi
252 2466 360 2507 causas
385 2448 523 2506 odiorum
542 2448 783 2523 praetenderant,
811 2447 1053 2522 magnitudinem

112 2546 223 2621 praedae
245 2546 455 2603 ostendebant.
481 2545 546 2604 Nec
563 2544 630 2620 jam
645 2547 764 2602 secreta
785 2542 976 2612 exhortatio,
1001 2545 1052 2602 sed

112 2644 242 2719 publicae
256 2661 377 2718 preces:
395 2645 477 2701 irent
491 2643 618 2713 ultores,
636 2643 851 2701 exscinderent
865 2643 966 2700 sedem
982 2640 1052 2701 Gal·

112 2740 166 2799 lici
181 2740 269 2811 belli;
293 2742 403 2804 cuncta
418 2739 481 2799 illio
496 2743 625 2798 externa
640 2741 672 2798 et
686 2740 832 2799 hostilia:
854 2756 887 2797 se
902 2737 1052 2797 coloniam

145 2894 168 2935 6.
200 2887 246 2936 Les
274 2885 399 2935 habitante
429 2885 460 2934 de
491 2886 559 2951 Lyon
644 2894 666 2936 2.
686 2887 772 2936 Clades
791 2901 826 2934 so.
839 2883 986 2934 edebantur.

114 2952 226 3017 voyaient
245 2951 306 3000 dans
326 2949 440 3000 Vitellius
459 2952 483 2999 le
505 2967 559 2999 veu-
642 2953 795 3001 alliceretis
810 2950 1052 3000 coneeumUneeul

114 3034 177 3084 geur
185 3017 217 3066 de
229 3019 318 3073 Neron,
333 3017 387 3065 leur
400 3015 557 3064 bieulaiteur.
610 3015 688 3065 [leuve
701 3017 736 3064 lcs
748 3014 855 3088 separarit
866 3024 891 3063 el
904 3034 914 3058 α
927 3015 994 3064 leurs
1004 3015 1055 3064 hai·

145 3107 168 3149 7,
190 3099 332 3156 Taum-(ma,
343 3115 364 3147 v·
374 3098 413 3146 ch·
423 3105 459 3156 59,
470 3105 556 3148 „0101
610 3098 653 3130 nes
662 3080 754 3130 etaient
764 3090 874 3143 toujours
883 3095 931 3127 aux
940 3079 1018 3143 prisea
1031 3101 1051 3128 a.

144 3172 166 3213 g.
186 3165 213 3212 q⁸
228 3163 267 3212 ch¹
285 3171 321 3221 30,
339 3173 396 3212 ηοω
410 3171 430 3212 1,
609 3148 647 3196 En
667 3146 737 3203 latin,
759 3144 777 3194 il
797 3162 811 3211 y
831 3161 845 3194 a
864 3160 913 3194 une
931 3144 1054 3196 antithesc

146 3236 167 3278 9Ι
186 3230 252 3288 ιςῑρῑ,
267 3234 339 3294 ,532
354 3229 385 3277 de
397 3220 489 3283 Tacite,
502 3234 539 3276 91,
610 3211 734 3293 tres-forte
753 3214 768 3259 d
789 3226 863 3260 cause
883 3209 915 3258 de
939 3211 962 3259 la
982 3213 1053 3276 place

608 3294 641 3342 qu
651 3285 773 3340 occupant
790 3277 826 3325 les
842 3276 908 3324 deux
926 3285 990 3326 mota
1008 3293 1052 3342 op-

145 3347 200 3391 ⁸⁸.
227 3350 248 3392 l.
279 3342 312 3392 Le
332 3343 499 3402 soulbvement
526 3342 557 3391 de
607 3341 721 3407 poses(v.
736 3341 1051 3407 laiigureappeleechias·

112 3405 218 3457 Vindex.
607 3424 659 3466 me,
678 3423 715 3474 gr.
728 3405 759 3455 de
771 3407 799 3457 T.
816 3408 875 3472 175).

927 3496 954 3546 4*
