2346 3922
367 244 463 288 amna
483 245 529 287 111.
554 245 620 288 cnr.
644 229 777 290 34-37.
985 228 1045 287 207

112 375 244 450 quibus³
269 376 295 436 si
316 375 417 435 eibum
448 393 594 451 suggeras
610 377 715 453 jacent
744 379 942 454 torpentque‚
969 394 1045 452 prae·

111 472 226 542 terita,
259 473 422 543 instantia,
458 471 563 532 futura
589 475 658 550 pari
687 476 840 535 oblivione
875 477 1000 535 dimiser
1019 477 1044 534 t.

112 572 234 645 Atque⁴
256 573 343 630 illum
364 574 395 631 in
411 589 533 630 nemore
553 573 698 633 Aricino⁶
711 575 844 634 desidem
865 576 896 633 et
911 592 1045 632 marcen-

113 670 179 726 tem
198 669 331 744 proditio
353 671 464 728 Lucilii
485 672 573 733 Bassi
595 690 630 730 ac
650 673 778 732 defectio
799 674 905 733 classis
924 675 1045 732 Raven-

115 768 199 825 natis
226 769 390 844 peroulit⁶;
419 788 473 827 nec
498 771 594 828 multo
618 774 687 848 post
712 773 748 831 de
773 773 893 831 Caecina
920 769 1047 829 affertur

114 866 231 925 mixtus
259 867 370 942 gaudio
395 868 507 938 dolor⁷‚
540 873 571 929 et
595 871 758 930 descivisse
787 873 818 928 et
842 871 880 928 ab
909 869 1046 928 exercitu

113 964 264 1022 vinctum.
295 963 371 1023 Plus
392 967 471 1042 apud
492 967 646 1026 socordem
667 969 801 1026 animum
825 967 936 1024 laetitia
956 983 1046 1040 quam

114 1078 190 1119 cura
200 1062 310 1122 valuit.
327 1063 426 1122 Multa
440 1082 508 1122 cum
523 1065 727 1123 exsultatione
743 1066 774 1122 in
786 1065 891 1121 urbem
906 1066 1047 1121 revectus

112 1160 267 1235 frequenti
283 1162 423 1220 contione
437 1164 582 1238 pietatem
594 1163 726 1221 militum
741 1163 881 1221 laudibus
896 1162 1044 1231 cumulat3

114 1259 284 1318 Publilium
306 1260 609 1335 Sabinum'praetorii
630 1259 805 1334 praefectum
827 1260 864 1317 ob
879 1258 1046 1317 amicitiam

115 1358 242 1416 Caecinae
257 1359 369 1416 vinciri
380 1358 485 1434 jubet,
510 1359 675 1418 substituto
697 1359 728 1415 in
745 1358 842 1416 locum
858 1356 923 1432 ejus
937 1356 1047 1415 Alfeno

116 1457 208 1516 Varo.

155 1570 205 1627 37.
235 1569 309 1627 Mox
343 1571 482 1627 senatum
517 1571 684 1647 composita
719 1571 750 1628 in
787 1568 1047 1644 magnificentiam

115 1666 272 1724 oratione¹
304 1666 453 1726 allocutus
482 1670 645 1742 exquisitis
670 1670 791 1745 patrum
823 1666 1049 1725 adulationibus

114 1764 278 1824 attollitur.
310 1766 437 1823 Initium
465 1767 577 1824 atrocis
607 1767 638 1823 in
664 1767 814 1826 Caecinam
843 1764 1002 1824 sententiae
1030 1780 1049 1821 a

115 1863 150 1920 L.
161 1863 287 1922 Vitellio
297 1863 427 1935 factum3
442 1865 511 1923 dein
522 1867 617 1923 ceteri
629 1865 795 1941 composita
806 1864 1045 1938 indignatione²‚

115 1961 194 2035 quod
215 1963 320 2021 consul
340 1980 404 2021 rem
424 1963 592 2038 publicam,
615 1962 677 2020 dux
698 1962 928 2036 imperatorem,
951 1958 1048 2018 tantis

115 2060 238 2134 opibus,
256 2061 303 2118 tot
318 2061 482 2119 honoribus
497 2060 668 2117 cumulatus
687 2060 818 2117 amicum
832 2058 1046 2136 prodidisset³,

114 2159 200 2216 velut
219 2177 275 2234 pro
291 2160 417 2219 Vitellio
439 2161 657 2234 conquerentes
689 2176 777 2217 suum
808 2159 959 2218 dolorem⁴
980 2175 1048 2233 pro·

115 2259 264 2318 ferebant.
292 2260 386 2320 Nulla
403 2262 434 2317 in
450 2262 588 2318 oratione
603 2258 780 2334 cujusquam
796 2274 869 2332 erga
884 2256 1048 2314 Flavianos

115 2357 205 2416 duces
226 2358 429 2417 obtrectatio:
457 2375 591 2416 errorem
617 2357 913 2432 imprudentiamque
934 2354 1047 2413 exerei-

115 2456 202 2511 tuum
223 2456 397 2532 culpantes,
414 2456 597 2533 Vespasiani
623 2473 731 2513 nomen
759 2453 897 2530 suspensi
918 2455 949 2511 et
970 2453 1048 2511 vita·
1075 2472 1077 2476 ⁸

148 2606 170 2647 3.
189 2600 284 2660 Quibus
303 2602 355 2650 si...
377 2600 397 2649 ll
419 2616 432 2666 y
459 2616 472 2649 a
490 2599 557 2648 deux

114 2665 280 2728 propositions
292 2665 478 2715 subordonnc'es
495 2667 558 2728 (sup-

113 2745 185 2792 perus
195 2730 328 2794 ctjcccnt)‚
337 2731 397 2780 dont
404 2732 428 2779 la
436 2731 557 2796 premiere

114 2794 186 2843 attire
204 2795 228 2844 lc
247 2795 342 2853 relatis,
365 2797 408 2862 qui
420 2796 515 2846 devrait
531 2813 557 2845 se

115 2869 214 2908 trouver
229 2876 286 2909 avec
298 2862 322 2910 la
334 2862 441 2910 seconde
449 2885 482 2904 =
493 2878 555 2925 quac,

114 2928 137 2974 si
145 2928 195 2974 iltis
206 2941 334 2989 suqqeras,
344 2929 438 2989 Jacertt.
449 2929 477 2978 V.
491 2927 558 2976 d'au-

115 3000 165 3039 tros
172 2992 297 3055 exemplos
311 2992 373 3040 daus
382 2993 465 3052 Gaul„
480 3000 555 3050 1913.

149 3065 171 3105 4.
190 3055 282 3119 Atque,
304 3073 406 3131 marque
429 3060 453 3106 la
473 3057 558 3106 transi-

116 3122 168 3171 tion
186 3131 211 3170 et
223 3121 266 3170 l'oit
278 3133 390 3171 ressorur
401 3139 430 3173 ce
442 3123 485 3188 qui
497 3123 555 3172 suit.

115 3190 144 3238 V.
158 3187 254 3246 Garun,
270 3195 318 3237 187.

149 3260 171 3301 5.
190 3253 293 3302 Nemore
304 3252 418 3311 Aricino,
440 3253 558 3319 bosquets

114 3317 231 3367 d'Aricic.
247 3320 305 3368 Pres
317 3317 436 3377 d'Aricie,
456 3335 486 3367 au
499 3318 558 3384 pied

114 3384 150 3432 du
167 3393 235 3431 mont
250 3382 353 3440 Albain,
371 3387 386 3431 d
399 3391 425 3432 16
437 3384 517 3433 milles
526 3384 558 3432 de

116 3450 205 3508 Romo,
225 3465 251 3498 se
263 3449 368 3499 trouvait
379 3449 403 3499 le
420 3449 472 3500 bois
490 3451 558 3499 sacre

607 2607 632 2647 et
641 2598 664 2647 le
673 2598 764 2663 temple
774 2599 805 2647 de
817 2599 893 2649 Dione
902 2599 987 2664 (Diana
997 2600 1049 2649 Ari·

606 2662 684 2728 cina),
695 2680 752 2714 auec
764 2665 788 2713 la
800 2681 887 2715 source
899 2675 923 2714 ct
934 2666 958 2714 la
970 2675 1050 2731 grotte

606 2721 728 2794 d'Ege'rie.

640 2802 661 2843 6.
672 2796 794 2853 Perculit,
801 2795 882 2845 uintle
889 2795 1048 2859 surprendre.

639 2867 661 2908 7.
687 2861 775 2919 Dolor,
807 2861 921 2909 nouvelle
946 2860 1050 2910 doulon·

606 2941 691 2983 reuse,
708 2926 785 2975 triste.

641 2998 694 3038 81.
714 3000 734 3040 l.
748 2992 1047 3053 Composito—oratione,

606 3055 718 3104 discours
730 3056 899 3122 emphatique.

640 3129 662 3170 2.
691 3122 831 3184 Composito
863 3124 1048 3185 tudiynatione‚

607 3185 762 3251 indignation
775 3186 864 3244 seinte,
879 3187 987 3238 etudie'e.
1113 3248 1114 3251 Ἰ

640 3260 661 3301 3.
681 3253 934 3315 Quod-prodidisset
951 3253 1050 3318 de'pcnd

607 3316 638 3365 de
649 3325 821 3380 conquerentes
836 3318 880 3383 qui
891 3317 949 3368 suit.

638 3391 661 3432 4.
680 3383 760 3432 Suum
777 3385 899 3443 dolorem,
917 3385 984 3434 leurs
996 3400 1050 3450 pro·

607 3463 664 3512 pres
681 3448 874 3499 ressontimcnts.
