2346 3922
172 180 233 244 350

175 327 266 386 Clara
289 327 375 386 alii¹¹
404 329 578 388 Judaeorum
603 328 709 397 initia,
739 328 894 404 Solymos,
924 329 1112 387 carminibus

172 426 297 484 Homeri
307 427 329 463 ¹²
350 426 535 484 celebratam
557 428 694 500 gentem,
719 427 850 487 conditae
871 430 943 487 urbi
969 429 1110 487 Hieroso·

174 523 257 599 lyma
272 541 380 582 nomen
402 542 419 582 e
438 541 492 582 sno
507 523 626 584 fecisse.

214 630 244 687 3.
271 627 403 686 Plurimi
425 630 565 686 auctores
587 628 794 697 consentiunt,
827 631 896 687 orta
921 646 979 706 per
998 631 1114 706 AEgyp·

173 731 239 786 tum
264 728 353 785 tabel
382 744 449 801 quae
474 744 602 803 corpora
629 726 773 795 foedaret,
805 743 910 802 regem
935 728 1116 786 Bocchorim

173 827 256 885 adito
268 826 447 884 Hammonis
459 825 601 883 oraculo²
616 826 783 884 remedium
797 827 965 899 petentem,
984 843 1116 901 purgare

173 941 302 997 regnum
320 926 351 981 et
376 922 405 980 id
431 939 528 997 genus
553 922 710 979 hominum
732 925 766 980 ut
787 923 924 981 invisum
949 925 1019 984 deis
1040 925 1117 984 alias

173 1023 204 1079 in
219 1023 320 1078 terras
338 1020 470 1078 avehere
485 1019 617 1101 jussum.
650 1020 701 1079 Sic
717 1021 925 1095 conquisitum
939 1023 1115 1081 collectum·

174 1138 231 1195 que
246 1118 369 1194 vulgus,
383 1121 544 1195 postquam
560 1120 658 1178 vastis
673 1119 749 1178 loeis
764 1121 905 1178 relictum
922 1122 996 1192 sit³,
1009 1122 1120 1180 ceteris

174 1236 229 1294 per
243 1218 385 1276 lacrimas
400 1217 608 1293 torpentibus,
632 1217 760 1292 Moysen
781 1235 876 1276 unum
898 1221 1042 1278 exsulum
1057 1238 1117 1278 mo·

175 1319 277 1376 nuisse
302 1334 452 1391 nequam
484 1317 609 1374 deorum
649 1317 846 1375 hominumve
871 1335 961 1393 opem
992 1335 1118 1394 exspec-

173 1415 276 1471 tarent
292 1413 431 1487 utrisque
453 1414 584 1483 deserti,
608 1415 661 1472 sed
682 1415 824 1473 sibimet⁴
840 1416 931 1474 duces
947 1417 1073 1477 caeleste
1089 1419 1118 1475 id

174 1514 333 1570 crederent
365 1514 464 1587 primo
503 1513 589 1588 cujus
628 1513 746 1571 auxilio
779 1516 946 1589 praesentes
976 1516 1119 1574 miserias

173 1610 373 1687 pepulissent.
404 1612 570 1670 Assensere
591 1614 683 1686 atque
704 1613 840 1670 omnium
871 1614 975 1688 ignari
1008 1613 1118 1673 fortui-

173 1712 239 1767 tum
254 1710 315 1766 iter
337 1709 501 1784 incipiunt.
527 1709 587 1768 Sed
602 1710 682 1768 nihil
695 1727 780 1785 aeque
795 1728 886 1785 quam
901 1710 1008 1787 inopia
1030 1729 1118 1788 aquae

173 1806 346 1882 fatigabat3
383 1806 505 1882 jamque
530 1808 610 1866 haud
639 1807 747 1883 procul
776 1808 874 1866 exitio
896 1808 973 1867 totis
999 1811 1119 1886 campis

173 1906 416 1980 procubuerant,
441 1923 509 1964 cum
524 1924 601 1981 grex
619 1907 776 1964 asinorum
796 1907 967 1980 agrestium
989 1925 1007 1966 a
1028 1911 1119 1984 pastu

174 2005 206 2061 in
228 2022 334 2080 rupem
357 2021 480 2062 nemore
502 2020 627 2078 opacam
648 2004 809 2061 concessit.
838 2003 968 2061 Secutus
993 2005 1118 2080 Moyses

173 2103 367 2178 conjectura⁵
382 2102 502 2160 herbidi
517 2102 575 2159 soli
590 2101 694 2176 largas
714 2117 863 2174 aquarum
884 2117 980 2159 venas
1000 2104 1115 2178 aperit.

174 2201 208 2259 ld
230 2201 369 2259 levamen
377 2202 399 2269 ⁶,
428 2204 459 2258 et
483 2200 663 2258 continuum
684 2217 738 2258 sex
758 2199 877 2257 dierum
898 2200 960 2257 iter
981 2202 1116 2271 emensi,

174 2300 303 2375 septimo
318 2299 415 2375 pulsis
430 2298 600 2357 cultoribus
615 2297 775 2356 obtinuere
789 2300 890 2356 terras
913 2297 944 2355 in
961 2299 1032 2373 quis
1048 2301 1120 2359 urbs

174 2402 205 2457 et
220 2399 368 2474 templum
384 2398 514 2458 dicata⁷.

395 193 539 242 consata
560 189 660 241 rnctrr
680 192 894 242 msromnattut

207 2550 243 2591 11.
263 2540 314 2589 Atti
326 2556 361 2589 sc.
377 2541 493 2590 traduat.

209 2615 244 2656 12.
264 2608 374 2655 Halaesi.
397 2606 502 2654 Hombre
522 2619 553 2652 en
574 2601 619 2650 fait

174 2672 286 2721 mention
298 2671 360 2720 dans
371 2669 419 2720 l’tl.
428 2671 468 2720 vl.
476 2686 498 2720 v.
509 2676 558 2726 184,
566 2675 617 2717 204.

210 2746 240 2786 8.
267 2745 288 2787 1.
315 2737 386 2785 Tabe.
420 2736 490 2785 Cette
513 2732 619 2783 maledie

175 2802 335 2868 contagieuse
344 2800 403 2850 etait
415 2802 439 2850 la
450 2801 530 2865 lepre,
549 2799 619 2848 selon

174 2868 266 2925 lustin,
277 2868 387 2924 XXXVI,
401 2875 423 2916 2.

208 2943 229 2983 2.
249 2935 402 2982 Hammonis.
414 2931 524 2982 L'oraclo
536 2930 568 2979 de
579 2930 621 2979 Ju-

175 2999 240 3065 piter
251 3000 371 3048 Hammon
390 3014 415 3046 se
433 2995 539 3045 trouuait
558 2995 620 3044 dans

175 3081 224 3113 une
242 3063 306 3113 casis
324 3063 357 3112 dn
370 3063 453 3112 desert
472 3061 586 3127 lybiqus,
606 3064 620 3108 a

175 3131 253 3179 ‹louzc
263 3129 333 3192 jours
346 3129 377 3177 dc
389 3127 488 3177 marche
505 3131 518 3175 u
531 3127 621 3176 l'ouest

176 3197 207 3244 de
220 3194 351 3258 Memphis.

208 3269 230 3310 3.
252 3261 331 3310 Vastis
349 3287 382 3295 —
397 3261 524 3315 relictum,
548 3256 621 3305 aban-

175 3326 258 3374 donnd
278 3329 293 3373 a
309 3325 432 3374 lui-meme
447 3324 508 3372 dans
528 3323 564 3371 les
580 3321 621 3370 dd-

179 3401 250 3440 serts.

208 3466 231 3511 t.
245 3458 293 3509 Sed
301 3457 397 3510 sibimet
409 3456 482 3507 duces
494 3455 584 3505 cotem
593 3455 620 3506 id

668 2540 798 2588 crederent
807 2540 941 2601 primo...,
956 2538 1034 2600 mais,
1048 2557 1080 2591 en
1092 2557 1117 2590 se

668 2603 772 2669 guidam
797 2608 963 2664 eux-memes,
986 2604 1019 2655 de
1041 2622 1120 2672 regar-

668 2669 712 2716 der
730 2685 825 2719 comme
837 2670 928 2719 celeste
947 2687 976 2720 ce
994 2671 1049 2736 qui,
1067 2673 1119 2723 leur

668 2745 802 2798 procurant
812 2735 835 2783 le
845 2733 952 2798 premier
961 2752 1072 2797 secuurs,
1086 2738 1119 2786 les

669 2799 750 2849 aurait
771 2799 878 2850 delivres
901 2800 945 2850 des
969 2818 1046 2852 maux
1068 2805 1121 2867 prd-

670 2874 748 2914 sents.

703 2937 725 2979 5.
757 2930 909 2993 Coniectura
928 2958 963 2968 -—
985 2935 1047 2992 soli,
1076 2931 1122 2982 for·

669 3005 738 3044 mant
755 2995 799 3045 des
820 2993 978 3058 conjectures
990 3013 1036 3046 sur
1048 2999 1071 3048 le
1083 2998 1119 3047 sol

669 3071 771 3110 convert
788 3059 900 3110 d'herbc.

703 3134 725 3175 6.
747 3128 868 3175 levamen
881 3142 916 3175 sc.
927 3127 988 3190 fuit.

702 3199 724 3240 7.
744 3193 835 3240 Dicere
855 3208 881 3240 se
903 3191 939 3240 dit
959 3202 1120 3258 proprement

669 3256 703 3304 du
712 3257 816 3321 templo,
828 3257 851 3305 le
859 3257 1060 3317 uerbeooudere,
1071 3259 1122 3308 lon-

669 3321 722 3380 der,
737 3321 908 3372 conviendrait
920 3322 1005 3372 mienx
1024 3325 1120 3374 aurbs.

670 3388 690 3437 11
707 3405 721 3448 γ
740 3404 754 3436 a
772 3388 836 3436 donc
854 3387 887 3436 ici
909 3405 942 3437 un
964 3406 1081 3457 zeugma,
1099 3405 1121 3441 v.

670 3469 706 3526 gr.
721 3454 752 3505 de
764 3455 822 3506 Tac.
838 3461 888 3506 176.
