2346 3922
339 285 430 361 rinna
450 284 472 327 1.
496 284 562 327 car.
586 266 719 327 87-89,
968 266 1008 324 87

72 402 175 485 mens;
192 415 282 476 multi
296 416 410 477 afflicta
423 415 500 476 fide⁷
516 417 547 474 in
564 434 638 491 pace
653 416 754 486 anxii,
771 414 904 475 turbatis
918 414 1009 473 rebus

73 512 192 570 alacres
207 514 238 571 et
251 530 307 588 per
320 514 438 574 incerte
452 514 610 573 tutissimi.

115 611 167 671 89.
192 604 251 672 Sed
270 613 382 690 vulgus
402 617 433 674 et
447 614 674 690 magnitudine¹
695 614 791 674 nimia
806 614 1010 674 communium

74 728 219 769 curarum
239 730 348 790 expers
368 711 562 790 reipublicae
581 704 710 790 populus
729 713 844 772 sentire
862 711 1010 788 paulatim

74 810 149 868 belli
165 811 262 881 mala,
286 830 433 872 conversa
452 815 486 872 in
505 814 636 873 militum
658 829 745 872 usum
766 811 849 870 omni
868 809 1007 885 pecunia,

74 909 205 969 intentis
219 911 433 972 alimentorum
454 913 577 990 pretiis,
595 930 661 988 quae
676 915 759 971 motu
774 911 914 971 Vindicis
929 908 1009 966 haud

74 1007 202 1082 perinde
216 1008 334 1083 plebem
345 1010 546 1079 attriverant,
560 1027 667 1068 secura
680 1012 746 1069 tum
757 1009 832 1067 urbe
844 1011 875 1066 et
889 1006 1009 1082 provin-

75 1105 148 1164 ciali
164 1107 258 1178 bello‚
275 1109 354 1183 quod
370 1105 451 1168 inter
465 1109 601 1183 legiones
615 1108 792 1183 Galliasque
806 1106 892 1165 velut
913 1107 1010 1163 exter-

75 1224 151 1275 num
168 1207 239 1267 fuit.
260 1210 341 1268 Nam
361 1227 399 1268 ex
424 1227 483 1285 quo
502 1211 591 1269 divus
611 1211 769 1284 Augustus
790 1225 838 1267 res
857 1208 1010 1266 Caesarum

75 1306 280 1380 composuit²‚
298 1307 403 1382 procul
414 1308 488 1366 etin
499 1308 590 1366 unius
604 1307 840 1366 sollicitudinem
851 1307 905 1363 aut
919 1305 1011 1362 decus

75 1404 208 1480 populus
235 1405 393 1464 Romanus
420 1405 600 1464 bellaverat.
632 1406 695 1464 Sub
725 1405 848 1464 Tiberio
873 1407 904 1463 et
933 1403 1010 1462 Gaio

74 1503 199 1562 tantum
217 1504 302 1578 pacis
322 1504 470 1562 adversa³
489 1505 527 1562 ad
552 1520 616 1562 rem
641 1503 795 1578 publicam
819 1503 1008 1577 pertinuere;

76 1601 293 1684 Scriboniani⁴
313 1605 421 1661 contra
435 1602 595 1661 Claudium
610 1601 732 1677 incepta
752 1600 843 1670 simul
856 1601 962 1659 audita
981 1602 1012 1659 et

76 1700 228 1769 coercita;
246 1700 330 1759 Nero
342 1700 459 1759 nuntiis
473 1701 572 1776 magis
584 1702 615 1758 et
629 1699 802 1758 rumoribus
817 1716 908 1773 quam
918 1699 1012 1756 armis

76 1795 232 1871 depulsus.
249 1797 328 1855 Tum
341 1797 478 1873 legiones
492 1797 664 1872 classesque
678 1799 724 1866 et,
741 1795 820 1871 quod
835 1812 905 1853 raro
920 1794 1009 1863 alias,

76 1894 281 1971 praetorianus
292 1894 487 1971 urbanusque
498 1893 587 1954 miles
601 1896 633 1953 in
645 1895 741 1953 aciem
752 1893 887 1962 deducti,
902 1893 1012 1952 Oriens

78 1993 285 2069 Occidensque
300 1996 331 2052 et
345 1994 490 2069 quidquid
506 1994 659 2069 utrimque
673 1991 787 2051 virium
799 1995 846 2050 est
860 2009 879 2049 a
893 1991 1009 2066 terget,

78 2091 106 2148 si
127 2091 255 2149 ducibus
273 2090 344 2149 aliis
364 2089 509 2150 bellatum
534 2090 627 2159 foret,
655 2089 746 2164 longo
764 2089 843 2147 bello
868 2088 1008 2148 materia.

76 2189 179 2248 Fuere
203 2190 256 2264 qui
278 2188 483 2264 proficiscenti
499 2189 613 2248 Othoni
633 2204 733 2247 moras
754 2187 1013 2262 religionemque⁶

75 2288 213 2346 nondum
237 2288 429 2347 conditorum
453 2287 598 2345 ancilium
635 2285 800 2345 afferrent:
832 2284 1028 2361 aspernatus

75 2386 126 2443 est
144 2400 263 2443 omnem
277 2385 502 2443 cunctationem
516 2385 552 2444 ut
566 2383 684 2443 Neroni
700 2400 818 2457 quoque
832 2382 1010 2450 exitiosam3

75 2485 108 2541 et
125 2481 245 2542 Caecina
256 2480 322 2558 jam
336 2481 428 2558 Alpes
442 2484 654 2557 transgressus
670 2479 897 2540 exstimulabat.

113 2635 136 2676 7.
156 2625 331 2692 Afflictafidc,
346 2625 425 2677 credit
441 2625 522 2676 ruine.
606 2633 627 2675 5.
653 2624 673 2674 A
697 2633 776 2688 torpe,
802 2640 834 2675 en
853 2623 958 2682 arridre,
983 2640 1014 2673 en

115 2700 170 2741 ΟΩ.
190 2700 211 2740 1.
225 2693 436 2755 Magnitudinc-
445 2706 525 2754 popu-

78 2761 132 2815 lus,
144 2757 169 2806 le
178 2758 270 2822 peuple
282 2756 339 2821 qui,
353 2773 410 2807 sous
420 2757 443 2806 lc
452 2756 523 2821 poids

76 2822 211 2873 accablam
222 2822 266 2870 des
279 2821 361 2872 soucis
372 2821 522 2879 ordinaires‚

78 2905 108 2938 se
120 2887 284 2936 desinteresse
292 2887 327 2936 du
339 2886 397 2936 bien
406 2886 438 2936 de
446 2885 522 2937 t'e'tat.

115 2961 137 3003 2.
156 2954 203 3003 Res
216 2979 249 2989 -
264 2955 412 3016 composuit,
429 2962 471 3001 eut
488 2968 525 3002 or-

80 3018 167 3084 ganisd
178 3018 203 3067 le
214 3017 317 3083 pouvoir
329 3017 372 3067 des
384 3018 478 3068 Ce'sars.

115 3093 138 3135 3.
157 3084 231 3133 Paris
251 3085 370 3142 adversa,
395 3083 431 3131 les
451 3098 524 3132 meux

80 3148 114 3199 dc
133 3150 158 3199 la
178 3148 250 3214 pain,
269 3165 294 3214 p.
308 3165 348 3199 ex.
370 3148 402 3197 de
421 3148 527 3197 oruellcs

80 3213 261 3282 persecutions.

114 3288 137 3330 4.
156 3280 325 3330 Scriboniani.
340 3276 428 3327 Furius
440 3277 528 3327 Camil-

81 3347 121 3396 lus
133 3344 320 3402 Scribonianus,
334 3359 487 3408 gouvcrncur
495 3343 527 3392 de

82 3413 107 3462 la
126 3409 261 3469 Dalmatia,
285 3409 349 3458 avait
375 3407 419 3458 fait
442 3416 527 3458 contre

81 3474 232 3541 l'cmpereur
243 3492 277 3524 un
289 3476 468 3534 souldvcment‚
483 3472 526 3541 qui

82 3543 120 3593 fut
132 3541 231 3593 bientdl
244 3539 359 3607 reprime.

574 2691 680 2740 seconde
692 2690 768 2751 ligne.

607 2763 629 2805 6.
648 2756 809 2819 Rcllptoncm
821 2756 949 2819 scrupulos
961 2753 1016 2802 reli-

591 2819 657 2871 ieux.
677 2821 789 2871 Pendeat
801 2820 823 2868 le
835 2819 896 2868 mois
909 2819 940 2868 de
952 2834 1016 2868 mars

574 2837 605 2936 fic
615 2887 711 2951 chaque
720 2888 811 2942 annea,
823 2885 858 2932 les
868 2885 946 2933 douzc
957 2884 1016 2933 bou-

574 2951 647 3002 clicrs
666 2954 795 3001 consecres
810 2953 824 2998 d
840 2951 904 2999 Mars
919 2958 944 2998 et
963 2965 1016 3014 gar·

574 3018 618 3067 des
647 3016 709 3066 dans
732 3032 776 3065 son
800 3016 891 3079 temple
914 3030 959 3080 par
981 3015 1017 3063 les

575 3087 671 3148 prdtres
699 3081 795 3131 Saliens
821 3079 913 3128 etaient
936 3082 1018 3143 porte's

568 3165 608 3197 -cn
620 3146 762 3212 processioa
774 3146 919 3203 solenncllc‚
929 3154 954 3193 et
965 3160 1019 3193 seu·

576 3215 668 3262 lement
686 3211 759 3261 remis
777 3215 790 3259 d
807 3211 861 3258 leur
877 3211 947 3274 place
965 3213 979 3258 a
995 3209 1019 3258 la

576 3279 609 3328 fin
622 3277 656 3326 du
669 3277 739 3325 mois.
758 3277 804 3324 Les
816 3275 964 3340 entrepriscs
976 3290 1020 3338 pu·

576 3342 674 3407 bliques
691 3341 763 3390 laites
775 3339 885 3405 pendant
900 3355 940 3389 ecs
958 3339 1019 3388 letes

576 3406 719 3472 religieuses
759 3405 852 3454 etaient
890 3403 1019 3470 regarddes

575 3488 669 3524 comme
685 3472 859 3542 dangereuses.
