2346 3922
160 192 221 252 210
392 206 536 249 coaunnu
553 205 658 250 4τΑοῑτΙ
678 204 891 248 msronmnun

160 363 255 421 verba
271 361 411 437 reseram)
438 364 559 439 pavisse
581 364 682 422 oculos
703 364 840 438 spectata
861 363 981 421 inimici
1000 366 1102 422 morte

156 463 300 539 jactavit.
332 463 429 522 Blaeso
450 481 541 539 super
561 464 734 522 claritatem
755 463 905 522 natalium
923 465 956 521 et
977 464 1101 539 elegan-

159 563 236 619 tiam
264 578 382 619 morum
410 561 481 619 fidei
510 561 695 620 obstinatio¹
721 560 791 619 fuit.
819 561 954 636 Integris
979 579 1102 637 quoque

159 661 269 718 rebus²
287 677 306 717 a
320 660 439 719 Caecina
455 661 485 717 ct
503 659 688 734 primoribus
702 658 837 734 partium
853 657 919 732 jam
935 659 1100 718 Vitellium

160 757 396 834 aspernantibus
408 758 558 816 ambitus³
570 758 704 815 abnuere
714 757 937 833 perseveravit.
952 756 1097 826 Sanctus,

160 856 344 924 inturbidus,
363 855 476 912 nullius
487 854 641 928 repentini
657 854 791 922 honoris,
805 854 898 912 adeo⁴
910 871 971 911 non
983 852 1099 929 princi·

160 956 250 1030 patus
261 956 417 1028 appetens,
435 970 543 1027 parum
558 952 723 1026 effugerat⁵
736 968 773 1008 ne
785 951 895 1026 dignus
905 951 1096 1009 crederetur.

201 1053 252 1109 40.
275 1050 389 1108 Fabius
410 1049 535 1107 interim
549 1049 664 1109 Valens
684 1049 780 1107 multo
799 1067 835 1107 ao
849 1050 933 1108 molli
955 1051 1098 1108 concubi·

160 1166 268 1205 narum
289 1147 515 1223 spadonumque
536 1146 658 1220 agmine
673 1146 797 1222 segnius
812 1164 902 1221 quam
923 1148 961 1205 ad
981 1147 1100 1206 bellum

160 1246 317 1314 incedens,
351 1244 522 1321 proditaml
555 1261 574 1301 a
601 1244 720 1301 Lucilio
754 1244 848 1303 Basso
881 1246 1100 1303 Ravennatem

158 1345 285 1403 classem
306 1343 482 1420 pernicibus
503 1341 621 1400 nuntiis
635 1342 764 1417 accepit.
792 1343 831 1400 Et
846 1341 872 1398 ei
887 1344 1022 1416 coeptum
1038 1343 1100 1399 iter

157 1445 368 1518 properasset,
395 1441 556 1498 nutantem
577 1440 728 1499 Caecinam
753 1440 928 1515 praevenire
941 1441 1004 1514 aut
1026 1443 1099 1499 ante

157 1543 321 1600 discrimen
342 1556 453 1618 pugnae
468 1540 588 1613 assequi
610 1538 746 1614 legiones
760 1539 927 1613 potuisset;
952 1555 1009 1595 nec
1029 1538 1098 1596 dee·

157 1644 229 1700 rant
257 1640 309 1714 qui
338 1644 497 1699 monerent
525 1643 559 1698 ut
588 1659 656 1699 cum
689 1641 846 1699 fidissimis
870 1656 926 1716 per
960 1641 1099 1698 occultos

157 1741 298 1798 tramites
318 1739 420 1796 vitata
440 1740 590 1797 Ravenna
610 1739 775 1797 Hostiliam
790 1739 1010 1797 Cremonamve
1030 1754 1099 1814 per-

157 1840 254 1913 geret.
282 1838 362 1898 Aliis
383 1837 652 1912 placebataccitis
673 1855 712 1895 ex
726 1837 801 1895 urbe
821 1835 975 1912 praetoriis
991 1837 1098 1894 eohor-

154 1939 240 2014 tibus
254 1936 359 1994 valida
370 1953 460 1994 manu
475 1953 682 2011 perrumpere.
696 1936 765 2018 Ipse
780 1934 885 1992 inutili
901 1935 1099 1993 cunctatione

156 2036 268 2110 agendi
279 2039 417 2110 tempora
427 2035 626 2094 consultando
638 2034 825 2110 consumpsit
834 2057 841 2103 ;
851 2051 922 2091 mox
933 2034 1100 2107 utrumque

157 2134 319 2192 consilium
333 2134 529 2207 aspernatus,
543 2133 622 2207 quod
637 2133 720 2190 inter
733 2132 883 2207 ancipitia
897 2131 1098 2189 deterrimum

157 2232 233 2298 est2‚
265 2229 336 2287 dum
364 2228 464 2286 media
492 2229 645 2303 sequitur,
678 2246 733 2286 neo
757 2246 849 2288 ausus
875 2230 921 2287 est
942 2228 1019 2286 satis
1040 2246 1097 2287 neo

157 2327 305 2404 providit.
591 2390 599 2403 s

198 2427 248 2486 41.
273 2423 377 2483 Missis
398 2425 436 2482 ad
456 2423 617 2483 Vitellium
642 2424 757 2484 litteris
777 2426 927 2484 auxilium
946 2427 1094 2503 postulat.

157 2525 276 2583 Venere
291 2525 355 2581 tres
370 2523 527 2581 cohortes1
553 2540 620 2580 cum
643 2523 693 2583 ala
714 2525 909 2594 Britannica,
938 2543 1036 2602 neque
1057 2529 1096 2587 ad

157 2622 322 2680 fallendum
337 2624 426 2695 aptus
441 2637 585 2678 numerus
607 2639 704 2696 neque
720 2623 759 2681 ad
773 2624 1006 2697 penetrandum.
1035 2627 1096 2684 Sed

156 2720 270 2779 Valens
285 2737 322 2776 ne
341 2719 376 2803 in
397 2720 484 2776 tanto
505 2718 626 2792 quidem
648 2721 824 2779 discrimine
845 2720 973 2778 infamia
993 2723 1096 2780 caruit

156 2836 215 2892 quo
240 2818 340 2875 minus
371 2833 479 2892 rapere
509 2817 634 2876 illicitas
668 2819 844 2895 voluptates
871 2819 1094 2895 adulteriisque

190 2962 243 3002 88.
263 2962 284 3002 l.
298 2953 370 3001 Fidei
381 2951 525 3011 obstinatio,
540 2951 598 3002 fide'·
648 2954 755 3004 lement:
769 2953 787 3003 il
800 2954 887 3005 n'avait
898 2971 942 3021 pas
952 2973 1020 3007 assez
1029 2958 1095 3010 evite'

155 3019 199 3069 lite'
217 3017 398 3067 inebranlable.
648 3019 703 3068 d'en
722 3025 829 3085 paraitre
841 3021 924 3086 digne.

187 3093 209 3133 2.
229 3083 430 3147 latcprisrcbus,
444 3081 468 3131 la
480 3082 597 3132 situation
681 3110 736 3151 ω.
755 3112 775 3152 1¹
794 3104 939 3163 proditam,
961 3103 1037 3154 liwge
1048 3121 1096 3169 pm.

154 3151 186 3200 de
197 3149 311 3224 Vitellius
333 3147 426 3198 n'etant
446 3164 490 3212 pas
508 3165 598 3199 encore
646 3168 844 3234 tsahjsonpgr,
856 3169 1094 3227 deT,‚00mtrucsf⁰

152 3231 325 3280 compromlse·
643 3249 791 3297 pregnans,
808 3242 861 3293 183,
875 3243 907 3285 2⁰.

184 3290 206 3330 3.
226 3281 353 3337 Ancillas,
368 3279 483 3329 sollicite.

182 3354 205 3395 4.
226 3346 290 3395 Adeo
310 3362 372 3403 noa,
396 3361 485 3395 encore
505 3343 593 3394 moins.
678 3323 701 3364 ²⁹
720 3316 860 3377 om‘m
873 3332 899 3365 ὅθ
911 3328 1029 3382 ‘alil‘orte
1041 3321 1055 3368 d
1069 3320 1092 3369 ¹³

149 3413 177 3463 v,
192 3428 227 3478 gr·
242 3412 353 3468 (13qu
367 3418 378 3469 ᾗ
392 3419 442 3460 103.
645 3381 799 3445 proposition
818 3381 920 3432 subord.
940 3384 984 3449 qui
997 3385 1055 3434 suit.

181 3487 203 3529 5.
223 3478 321 3530 Porum
341 3476 477 3545 effugerat,
502 3475 594 3529 littera-
679 3463 1088 3531 4¹.1.Cohortespretoriennes.
