2346 3922
935 198 993 257 231

59 357 157 415 eoque
171 342 287 402 crebris
308 361 376 402 cum
390 343 517 404 Vitellio
532 345 723 403 sermonibus
743 344 781 403 de
795 361 870 420 pace
883 361 996 421 ponen-

58 435 168 512 disque
188 455 243 514 per
263 440 488 499 condicionem⁴
514 442 608 500 armis
637 443 767 517 agitare.
802 443 890 517 Saepe
915 441 996 500 domi

59 537 232 611 congressi,
256 541 410 613 postremo
431 540 465 598 in
479 541 542 598 aede
556 540 739 616 Apollinis⁵‚
763 542 798 599 ut
818 540 900 598 fama
920 539 995 608 fuit,

60 635 217 709 pepigere.
248 636 351 695 Verba
381 625 549 712 vocesque⁶
585 638 660 696 duos
694 640 789 696 testes
824 637 994 705 habebant,

62 732 206 790 Cluvium
226 733 359 792 Rufum⁷
381 739 412 795 et
434 737 544 796 Silium
568 737 744 806 Italicum⁸;
762 736 866 795 vultus
891 734 998 811 procul

61 830 255 890 visentibus⁹
274 832 471 905 notabantur,
488 835 608 895 Vitellii
624 836 778 913 projectus
799 838 830 895 et
852 836 994 909 degener,

62 928 196 987 Sabinus
211 947 271 988 non
286 931 439 990 insultans
454 934 484 990 et
498 934 659 991 miseranti
674 934 810 1009 propior.

101 1028 153 1086 66.
179 1027 264 1093 Quod
289 1030 335 1087 si¹
359 1033 423 1089 tam
452 1031 543 1090 facile
568 1048 692 1091 suorum
720 1037 837 1090 mentes
861 1031 997 1090 flexisset

61 1124 208 1184 Vitellius
223 1125 312 1201 quam
333 1128 398 1204 ipse
413 1131 561 1199 cesserat,
590 1129 782 1187 incruentam
803 1129 909 1188 urbem
923 1129 996 1188 Ves-

61 1222 184 1296 pasiani
219 1225 372 1283 exereitus
407 1225 564 1285 intrasset.
606 1227 766 1284 Ceterum²
801 1227 836 1283 ut
870 1226 998 1300 quisque

61 1319 190 1379 Vitellio
208 1322 303 1392 fidus,
337 1324 382 1382 ita
402 1341 507 1401 pacem
532 1327 564 1383 et
588 1325 781 1383 condiciones
806 1324 995 1392 abnuebant,

61 1418 227 1478 discrimen
241 1439 277 1494 ac
292 1423 419 1481 dedecus
435 1426 639 1492 ostentantes,
657 1426 688 1482 et
702 1423 809 1481 fidem³
824 1424 856 1480 in
870 1421 999 1480 libidine

60 1517 211 1578 victoris:
245 1537 301 1578 nec
321 1523 440 1579 tantam
457 1522 647 1596 Vespasiano
671 1521 862 1595 superbiam⁴
882 1522 916 1577 ut
936 1520 997 1594 pri·

61 1619 168 1674 vatum
175 1617 336 1675 Vitellium
346 1621 519 1694 pateretur;
534 1636 572 1676 ne
583 1619 702 1678 rict0s⁵
713 1619 851 1693 quidem⁶
862 1617 995 1686 laturos;

63 1716 109 1772 ita
123 1715 311 1791 periculum⁷
332 1734 370 1774 ex
384 1718 607 1776 misericordia.
635 1718 741 1792 Ipsum
754 1733 827 1774 sane
848 1733 949 1773 senem
968 1718 1000 1774 et

62 1815 217 1889 prosperis
246 1814 443 1890 adversisque
477 1817 645 1886 satiatum,
677 1815 729 1873 sed
764 1814 842 1889 quod
871 1831 997 1883 nomen,

62 1928 152 1986 quem
165 1913 278 1970 statum
293 1913 356 1971 filio
369 1912 433 1988 ejus
446 1915 627 1973 Germanico
642 1913 724 1971 foret
739 1914 829 1972 Nunc
839 1913 1000 1988 pecuniam

316 211 408 256 orons
426 211 472 256 111.
496 212 563 257 car.
587 196 720 258 64-66,

15 2089 18 2093 .
62 2012 94 2068 et
114 2009 263 2069 familiam
285 2013 316 2068 et
335 2012 441 2070 beatos
460 2012 635 2086 Campaniae
660 2012 745 2071 sinus
771 2011 925 2087 promitti,
948 2011 1001 2069 sed

61 2107 116 2166 ubi
139 2109 301 2190 imperium
322 2111 529 2186 Vespasianus
554 2111 721 2179 invaserit,
750 2128 810 2168 non
836 2110 912 2185 ipsi,
940 2126 1000 2166 non

62 2207 172 2265 amicis
187 2206 267 2282 ejus,
292 2225 352 2265 non
368 2209 498 2284 denique
519 2208 707 2266 exercitibus
728 2209 924 2266 securitatem
939 2208 1001 2265 nisi

63 2306 216 2364 exstincto
237 2307 381 2365 aemulatu
402 2308 581 2366 redituram.
613 2307 743 2366 Fabium
763 2306 825 2364 illis
839 2305 1001 2365 Valentem

95 2461 119 2504 4.
133 2455 313 2513 Condicionem,
323 2464 504 2521 arrangement,
588 2463 642 2505 σο.
663 2462 684 2503 1.
698 2454 810 2515 Quodsi.
829 2453 857 2502 V.
878 2451 1002 2517 l'explica·

63 2519 223 2570 transaction.
557 2520 607 2570 tion
621 2522 652 2571 de
663 2521 741 2584 qued,
760 2520 845 2569 Gantr.
860 2525 913 2576 191,
927 2527 949 2566 4.

98 2593 119 2634 5.
145 2587 179 2636 Le
201 2586 292 2650 temple
315 2585 446 2660 d'Apollon
470 2585 508 2634 fut
589 2595 612 2635 2.
631 2589 758 2642 Ceteram,
780 2584 850 2633 mais.
872 2585 900 2633 V.
919 2600 956 2648 gr.
970 2583 1002 2633 de

62 2650 117 2701 bati
129 2666 173 2716 par
184 2650 294 2716 Auguste
304 2659 328 2699 et
338 2650 418 2699 falsart
428 2651 507 2715 partie

62 2716 99 2765 du
108 2715 186 2766 Paleis
193 2716 346 2783 (Palatium),
355 2733 398 2764 sur
407 2718 430 2766 le
439 2726 508 2766 mont

64 2781 172 2832 Palatin.

98 2855 120 2898 6.
144 2848 221 2898 Verba
232 2863 347 2913 uocesque
358 2861 391 2895 ne
400 2854 456 2895 sont
465 2862 509 2911 pas

63 2930 229 2980 synonymae:
259 2914 295 2962 les
319 2923 408 2961 termes
431 2911 462 2960 de
485 2913 509 2961 la

63 2979 212 3029 convention
224 2988 248 3027 et
264 2980 300 3028 les
312 2978 410 3044 paroles
422 2978 510 3026 echan·

81 3047 131 3094 ees.

63 3061 80 3112 g
98 3118 120 3160 7.
134 3110 371 3174 CluuiusRususV.
381 3109 400 3168 l,
408 3115 443 3158 58.
452 3124 477 3156 n.
485 3116 507 3158 2.

98 3184 120 3226 8.
139 3177 216 3226 Silius
227 3177 343 3235 Italicus,
353 3185 442 3224 auteur
450 3172 509 3222 d‘un

63 3246 152 3309 poema
175 3241 267 3306 epique
290 3257 333 3290 sur
355 3243 380 3290 la
403 3239 510 3290 seconde

64 3323 153 3376 guerre
181 3307 307 3372 punique,
337 3307 424 3357 consul
452 3322 510 3356 sous

64 3375 159 3430 Neron,
184 3379 212 3422 68
235 3388 288 3437 apr.
313 3372 388 3430 J.-G.,
413 3371 510 3421 ensuite

65 3452 220 3505 gourerneur
232 3438 263 3486 de
275 3439 299 3487 la
311 3453 380 3502 pror.
395 3437 484 3486 d'Asie.

98 3510 122 3557 9.
143 3503 289 3559 rusorum.
300 3504 328 3554 V.
342 3503 508 3574 gr.deT.,22.

554 2653 626 2707 Tac„
646 2659 720 2711 5104.
766 2695 769 2701 .

591 2726 613 2767 3.
633 2719 717 2775 Fides,
730 2715 856 2766 lafidelite
866 2714 1003 2764 iobserrer

558 2784 594 2832 les
617 2782 777 2832 conventinus
801 2780 945 2845 dependant
967 2780 1001 2829 du

558 2848 656 2912 caprice
668 2847 701 2896 du
718 2847 864 2911 vainqueur.

591 2923 613 2962 4.
635 2914 654 2962 T
654 2920 740 2961 autum
749 2913 901 2974 superbiam.
913 2912 1002 2974 Vespa·

559 2979 612 3027 sien
625 2977 670 3029 ,n'a
693 2993 737 3043 pas
751 2994 785 3025 un
808 2977 829 3025 si
846 2975 1003 3039 orgueilleux

559 3044 693 3094 sentiment
710 3043 741 3092 de
757 3059 783 3091 sa
801 3041 868 3091 force
881 3057 961 3104 que...

592 3118 613 3159 5.
637 3110 763 3159 Victuabe
774 3107 837 3172 parti
850 3106 881 3155 de
889 3105 1003 3156 Vitellius

560 3191 590 3223 ne
602 3173 736 3225 souffrirait
748 3190 791 3238 pas
804 3189 853 3221 non
870 3173 927 3236 plus
942 3172 1004 3237 qu'il

560 3240 598 3290 fur
609 3241 697 3305 simple
709 3239 815 3304 citoyen.

593 3313 615 3354 t.
635 3307 815 3368 Ne-quidem,
827 3320 876 3353 non
884 3303 949 3368 plus.
963 3302 1002 3353 Cf.

560 3372 597 3429 ll,
614 3379 653 3429 15,
668 3379 756 3421 notet.

593 3444 615 3487 7.
640 3438 799 3494 Periculum,
824 3435 919 3500 danger
941 3449 1006 3498 pour

559 3502 694 3572 Vespasien
714 3503 836 3554 resultant
847 3501 878 3552 de
895 3515 921 3549 sa
932 3499 1003 3568 pitie.
