2346 3922
183 165 245 249 ibo

184 295 301 393 ingenti
327 322 436 395 paratu
459 321 490 377 et
510 321 582 376 ante
608 317 694 376 illum
717 317 796 376 diam
818 317 954 377 insolito.
982 319 1125 378 Laetum²

183 416 348 475 foedissimo
383 416 491 490 cuique
527 416 607 491 apud
635 415 730 472 bonos
766 414 892 472 invidiae
924 414 1002 485 luit,
1043 416 1124 490 quod

183 514 347 571 exstructis
359 513 390 569 in
403 529 509 587 campo
517 512 632 582 Martio
644 511 706 569 aris
718 511 844 568 inferias
851 512 969 570 Neroni
983 512 1122 572 iecisset.

183 615 274 672 Caesae
288 613 409 689 publice
424 613 557 671 victimae
573 614 790 686 cremataeque;
809 611 905 670 facem
917 613 1124 687 Augustalcs³

182 711 357 778 subdidere,
375 710 454 784 quod
470 709 688 777 sacerdotium,
706 712 741 767 ut
756 708 905 767 Romulus
917 711 1007 768 Tatio
1023 710 1121 784 regi⁴‚

184 808 228 866 ita
257 809 359 866 Caesar
386 807 528 866 Tiberius
560 807 651 866 iuliae
680 808 765 880 genti
793 807 939 866 sacravit.
977 807 1124 866 Nondum

183 911 310 980 quartus
331 923 349 963 a
364 905 497 963 victoria
518 905 649 973 mensis,
670 906 719 962 et⁵
734 904 863 962 libertus
878 905 1018 964 Vitellii6
1033 907 1123 964 Asia·

182 1006 261 1062 ticus
287 1004 485 1079 Polyclitos⁷,
511 1003 694 1061 Patrobios8
720 1006 750 1060 et
775 1006 882 1062 vetera
907 1005 1047 1061 odiorum
1070 1022 1123 1062 no-

182 1102 285 1158 mina⁰
314 1100 464 1174 aequabat.
503 1099 601 1158 Nemo
635 1101 667 1156 in
696 1099 750 1156 illa
779 1099 850 1157 aula
878 1100 1034 1174 probitate
1068 1103 1126 1158 aut

183 1199 335 1257 industria
350 1199 497 1266 certavit3
519 1215 613 1255 unum
639 1198 677 1255 ad
698 1199 867 1272 potentiam
889 1199 960 1267 iter,
984 1199 1125 1274 prodigis

183 1297 280 1371 epulis
295 1300 326 1354 et
341 1299 462 1371 sumptu
478 1312 634 1370 ganeaque
650 1296 763 1353 satiare
785 1296 986 1371 inexplebiles
1000 1297 1124 1356 Vitellii

181 1395 336 1453 libidines.
366 1396 434 1469 Ipse
449 1393 568 1451 abundo
582 1394 669 1451 ratus
689 1395 714 1451 si
736 1394 939 1468 praesentibus
953 1395 1121 1464 frueretur,

182 1509 237 1551 nec
259 1494 290 1550 in
313 1493 435 1566 longius
450 1490 642 1560 consultans,
661 1492 768 1549 novies
787 1492 900 1550 millies
915 1494 1092 1551 sestertium
1100 1495 1125 1530 ¹⁰

182 1587 374 1661 paucissimis
388 1586 543 1643 mensibus
559 1586 772 1644 intervertisse
787 1587 934 1646 creditur.
963 1589 1079 1662 Magna
1093 1590 1125 1646 et

182 1684 294 1740 misera
309 1682 435 1751 civitas,
453 1681 557 1739 eodem
574 1698 654 1739 anno
667 1682 832 1751 Othonem,
846 1683 1008 1742 Vitellium
1021 1701 1120 1759 passa,

183 1781 265 1838 inter
289 1780 438 1848 Vinios¹¹,
467 1779 623 1848 Fabios¹²,
658 1779 769 1849 IceloS,
793 1781 946 1838 Asiaticos
976 1783 1066 1840 varia
1091 1784 1122 1840 ct

182 1880 322 1955 pudenda
344 1883 425 1938 sorte
446 1879 573 1953 agebat,
594 1880 687 1937 donec
709 1896 881 1938 successere
907 1881 1070 1940 Mucianus
1092 1885 1122 1938 ct

183 1979 347 2036 Marcellus
357 1979 379 2014 ¹³
397 1980 427 2035 et
442 1978 541 2052 magis
556 1978 610 2036 alii
632 1979 772 2036 homines
793 1996 883 2053 quam
898 1979 952 2037 alii
968 1998 1078 2040 mores.

223 2081 273 2138 96.
299 2081 405 2138 Prima
419 2079 546 2139 Vitellio
570 2079 673 2138 tertiae
697 2079 828 2155 legionis
848 2080 977 2139 defectio
999 2083 1119 2141 nuntia-

166 2179 245 2247 -tur,
262 2178 364 2236 missis
380 2178 418 2235 ab
433 2178 552 2254 Aponio
567 2177 754 2237 Saturnino¹
777 2178 933 2253 epistulis,
957 2181 1120 2254 antequam

183 2275 209 2332 is
221 2291 338 2349 quoque
353 2276 534 2351 Vespasiani
550 2276 690 2350 partibus
704 2280 941 2352 aggregandum
956 2277 1008 2335 scd
1024 2296 1120 2354 neque

181 2373 319 2446 Aponius
334 2375 459 2441 cuncta,
477 2376 512 2431 ut
526 2371 684 2447 trepidans
698 2390 732 2430 re
748 2374 864 2442 subita,
883 2375 1118 2450 perscripserat,

182 2471 213 2526 et
241 2471 332 2527 amici
361 2470 520 2529 adulantes
548 2470 670 2528 mollius
697 2470 1002 2546 interpretabantur:
1031 2474 1120 2532 unius

409 181 553 231 cossam
574 179 673 255 mom
695 176 908 232 msrosnsuu

215 2609 237 2650 2.
256 2603 364 2660 larcin,
376 2601 426 2665 adj.
436 2611 524 2652 neutra
533 2619 627 2651 comme
710 2610 732 2650 7.
752 2602 895 2667 Polyclitos,
910 2621 932 2654 v.
943 2605 963 2664 l,
977 2613 1015 2665 37,
1030 2613 1118 2657 note8.

182 2667 257 2730 sujet.
271 2668 298 2716 V.
312 2668 351 2716 ch.
365 2675 407 2725 92,
418 2678 475 2717 note
488 2675 509 2715 9.
710 2676 732 2716 8.
751 2668 896 2727 Patrobios,
917 2687 938 2720 v.
953 2671 978 2730 l,
991 2680 1029 2720 49.

215 2740 237 2781 3.
271 2734 317 2781 Les
350 2735 446 2781 sodales
479 2732 626 2796 depraedatas

183 2797 312 2847 formalem
326 2815 358 2846 un
373 2799 467 2862 college
484 2799 515 2846 dc
532 2803 626 2862 pretrcs

183 2863 284 2911 institue
296 2878 341 2927 par
352 2862 441 2912 Tibbre
452 2879 483 2911 en
496 2862 627 2911 l'honneur

182 2927 213 2976 dc
229 2929 252 2976 la
262 2944 320 2991 peras
331 2928 401 2978 leuia
419 2937 443 2976 ct
463 2927 525 2977 dans
542 2929 625 2992 lequel

183 2993 300 3042 n'dtaieul
312 2992 391 3041 aduris
403 3008 452 3056 que
471 2994 505 3042 les
518 2993 628 3042 hommes

182 3059 218 3106 lcs
231 3059 288 3122 plus
301 3057 417 3106 illustres.

215 3131 237 3170 4.
256 3123 315 3185 chi
324 3139 358 3171 sc.
369 3125 535 3171 secerdotium
543 3138 628 3172 accru-

181 3190 226 3236 uit.

215 3261 236 3300 5.
256 3253 301 3311 Et,
315 3263 339 3302 et
351 3252 416 3316 deja.
430 3253 458 3302 V.
472 3268 509 3317 gr.
523 3253 554 3302 dc
567 3253 624 3302 Tac.

214 3389 236 3430 6.
256 3382 369 3432 Vitellius
387 3382 467 3432 vcnait
479 3382 510 3432 de
531 3385 553 3432 lc
566 3383 626 3433 faire

181 3447 313 3499 chevalier.
328 3449 355 3497 V.
370 3448 409 3497 ch.
424 3455 460 3497 57.

709 2740 732 2782 9.
752 2734 871 2792 Nomina,
888 2734 1009 2785 l’abstrait
1022 2752 1086 2801 pour
1097 2737 1120 2785 le

676 2808 776 2847 concret
795 2800 826 2863 (u.
848 2815 885 2864 gr.
909 2801 940 2850 de
960 2801 988 2849 T.
1009 2804 1062 2864 82):
1085 2803 1119 2850 les

677 2862 786 2912 hommes
814 2863 922 2916 detestas
950 2865 994 2915 des
1020 2866 1120 2917 auciens

676 2938 765 2993 temps.

711 3001 746 3042 10.
766 2993 853 3043 Novlas
865 2997 953 3044 naillios
964 2999 1117 3053 sestertium,

678 3058 740 3107 neus
750 3068 806 3106 cent
826 3059 933 3110 milliens
951 3060 983 3109 de
1001 3072 1119 3112 sesterces

677 3139 708 3172 ou
723 3130 763 3172 189
776 3123 884 3173 milliens
895 3126 927 3174 dc
939 3124 970 3177 fr.
989 3128 1018 3178 V.
1033 3128 1117 3178 Gnntr.

679 3196 729 3239 194.

712 3262 746 3303 11.
765 3253 794 3302 V.
809 3254 833 3312 l,
848 3263 883 3304 13,

711 3327 746 3366 12.
764 3320 858 3368 Fabios
875 3320 971 3370 Valeas.
1004 3347 1008 3351 ·

710 3392 744 3433 13.
765 3385 905 3434 Marcellus.
917 3387 944 3435 V.
956 3386 996 3434 ch.
1008 3393 1081 3450 58.J1.
1097 3395 1116 3436 1.

703 3455 758 3498 90.
770 3457 790 3498 1.
802 3450 1117 3504 Gourerneurdelallesia.
