2346 3922
117 186 174 246 194
344 204 488 247 acaunum
510 203 611 247 mmm
631 201 847 246 ursronmnum

113 355 149 395 ac
163 339 341 398 vulneribus
356 340 548 399 clementiam
560 342 591 398 at
607 337 766 413 glor-ianr,
784 337 902 406 inania,
919 338 1044 404 laturos,

113 436 164 494 sed
179 453 251 512 opes
272 437 521 498 Cremonensium
540 440 572 497 in
594 438 663 496 sinu
671 430 686 473 ⁷'
702 436 917 511 praefectorum
936 437 1047 512 legato·

112 553 240 611 rumque
255 538 336 608 fore;
367 542 551 615 expugnatae
572 539 657 597 urbis
683 537 818 613 praedam
842 535 882 592 ad
902 533 1046 602 militem,

113 634 223 693 deditae
250 636 288 693 ad
317 637 407 695 duces
436 637 601 712 pertinere.
635 621 834 711 Spernuntur'
855 632 1048 691 centuriones

112 734 303 808 tribunique,
324 752 376 803 ao,
400 749 438 793 no
457 753 518 793 vox
537 734 717 811 cujusquam
731 732 888 799 audiatur,
907 731 1048 806 quatiunt

112 848 212 901 arma,
235 833 358 907 rupturi
379 833 540 907 imperium
565 832 596 889 ni
612 831 775 889 ducantur.

153 943 203 1000 20.
234 943 311 1000 Tum
346 942 498 1000 Antonius
534 942 672 998 inserens
707 955 740 997 so
774 936 959 1012 manipulis,
998 937 1047 994 ubi

112 1038 256 1113 adspectu
272 1041 303 1096 et
317 1039 503 1096 auctoritate
518 1037 675 1096 silentium
688 1034 819 1102 fecerat,
837 1050 897 1090 non
914 1052 946 1092 se
960 1034 1047 1092 decus

113 1153 209 1210 neque
230 1137 363 1211 pretium
382 1137 501 1211 eripere
526 1137 589 1193 tam
615 1135 692 1192 bene
716 1131 837 1190 meritis
857 1131 1044 1201 affirmabat,

112 1233 162 1290 sed
178 1233 278 1290 divisa
292 1233 374 1290 inter
395 1233 563 1290 exercitum
578 1232 729 1305 ducesque
747 1230 873 1288 munia:
898 1230 1048 1288 militibus

112 1332 284 1407 cupidinem
316 1331 473 1408 pugnandi
502 1332 680 1399 convenire,
717 1330 808 1388 duces
842 1329 1044 1403 providendo,

113 1429 325 1498 consultando,
363 1429 558 1487 cunctatione
594 1428 705 1502 saepius
748 1445 838 1503 quam
873 1427 1046 1486 temeritate

112 1528 264 1601 prodesse.
290 1527 333 1585 Ut
347 1545 402 1602 pro
417 1526 503 1584 virili
523 1526 664 1601 portione
685 1527 780 1583 armis
795 1543 831 1582 ac
846 1542 939 1583 manu
954 1525 1045 1583 victo-

111 1625 189 1682 riam
205 1625 339 1700 juverit,
362 1627 481 1684 ratione
497 1625 689 1694 etoonsilic,
713 1626 847 1701 propriis
865 1625 954 1684 ducis
976 1626 1046 1683 arti·

111 1723 182 1791 bus,
219 1723 427 1798 profuturum
463 1744 560 1800 neque
590 1725 671 1783 enim
703 1726 849 1802 ambigua
882 1743 948 1784 esse
982 1742 1046 1801 quae

112 1825 292 1882 occurrant:
310 1826 428 1881 noctem
444 1828 474 1883 et
490 1825 604 1899 ignotae
619 1824 712 1882 situm
727 1825 829 1893 urbis,
848 1824 931 1881 intus
947 1824 1047 1881 hostes

112 1922 143 1978 et
157 1924 267 1979 cuncta
282 1921 403 1983 insidiis
417 1925 598 1998 opportuna.
630 1923 717 1992 Non,
742 1923 769 1981 si
790 1923 916 1997 pateant
934 1923 1045 1996 portae,

112 2017 172 2075 nisi
184 2017 342 2093 explorato
351 2021 371 2088 ¹,
389 2020 510 2078 nisidio
525 2020 713 2077 intrandum.
731 2020 779 2078 An
791 2019 1048 2095 oppugnationem

113 2117 328 2175 inchoaturos²
356 2118 497 2192 adempto
526 2116 608 2174 omni
637 2119 817 2192 prospectu,
848 2116 917 2191 quis
945 2132 1047 2190 aequus

112 2212 211 2284 locus,
229 2217 344 2291 quanta
364 2215 496 2273 altitudo
514 2213 689 2283 moenium³‚
713 2215 914 2272 tormentisne
929 2216 961 2273 et
978 2212 1048 2271 telis

112 2330 151 2369 an
177 2314 319 2389 operibus
343 2317 375 2372 et
399 2313 498 2372 vineis
523 2312 730 2387 aggredienda
755 2313 827 2371 urbs
851 2310 950 2369 foret?
975 2311 1048 2369 Mox

112 2428 276 2470 conversus
301 2412 339 2470 ad
368 2411 519 2488 singulos,
547 2428 620 2468 num
645 2428 765 2469 secures
791 2409 992 2484 dolabrasque
1017 2412 1048 2467 et

112 2512 214 2568 cetera
229 2511 458 2587 expugnandis⁴
485 2509 612 2566 urbibus
634 2525 737 2567 secum
757 2506 948 2578 attulissent,
966 2507 1047 2582 rogi·

112 2606 209 2667 tabat.
237 2610 277 2667 Et
302 2626 369 2666 cum
395 2607 580 2673 abnuerent,
612 2625 630 2660 «
647 2605 797 2679 gladiisne
813 2625 830 2660 u
856 2605 959 2679 inquit
983 2627 1000 2661 «
1017 2607 1049 2662 et

113 2705 184 2779 pilis
204 2706 396 2782 perfringere
416 2724 452 2765 ac
471 2706 617 2766 subruere
638 2723 740 2764 muros
761 2705 832 2764 ullae
852 2722 959 2763 manus
980 2722 1047 2781 pos·

145 2845 167 2889 6.
186 2840 346 2890 Clementiam
357 2848 380 2890 et
388 2841 508 2904 plocium
520 2853 553 2886 un
604 2838 649 2887 Cet
659 2837 762 2887 infimus
769 2835 895 2901 semploie
907 2853 937 2886 en
947 2838 1047 2912 general

112 2902 261 2970 hendiadys,
271 2907 556 2980 pourptoriomolemoo·
604 2904 624 2952 si
651 2903 846 2978 l'interrogation
869 2912 905 2952 est
925 2903 1046 2961 armoire,

112 2972 160 3019 tiae.
175 2970 499 3035 llyaaussiunzcupma,
513 2983 555 3017 car
604 2968 764 3028 costa-dire,
775 2968 796 3017 si
803 2969 989 3033 Upourlesens
999 2969 1047 3019 elle

112 3035 179 3084 lev
201 3038 297 3086 loturos
314 3052 349 3085 sc.
372 3052 421 3085 ease
439 3034 554 3084 convient
603 3034 1045 3109 renlermeunenegation3V.Gantr.,

112 3099 195 3149 mieux
215 3104 355 3165 apiarium
379 3101 434 3166 qu'ai
454 3103 555 3149 clemen
606 3107 659 3156 163,
689 3108 772 3148 2.—
794 3099 848 3157 Ao,
874 3098 917 3163 qui
949 3098 1047 3174 signifie

112 3169 183 3216 tiam.
201 3166 228 3215 V.
243 3183 279 3231 gr.
293 3166 325 3215 de
335 3167 362 3215 T.
378 3173 419 3215 176
430 3175 455 3214 et
468 3174 517 3214 177.
603 3174 762 3229 proprement
774 3181 805 3213 ou
817 3166 884 3221 bien,
903 3174 965 3228 peut
980 3164 1047 3215 aussi

145 3230 395 3281 autumaremus:
431 3233 497 3280 doras
528 3234 554 3281 to
603 3246 629 3280 se
642 3230 750 3278 tiadurre
767 3246 811 3294 par
823 3232 898 3288 dcco,
914 3237 984 3292 peut
976 3231 1045 3280 ctae

110 3298 195 3358 perlae.
603 3295 631 3343 V.
647 3296 743 3353 Gaulo,
760 3302 813 3353 186,
827 3302 849 3342 7.

148 3371 201 3411 20.
216 3361 455 3425 1.Earplorcto‚abl.
466 3359 554 3411 absolu
636 3369 658 3411 3.
678 3362 794 3410 Mecium
816 3369 935 3410 sous-ent.
954 3367 1023 3410 esaei.

113 3428 146 3476 du
158 3438 221 3493 part.
235 3429 297 3477 seul.
311 3430 339 3479 V.
353 3444 389 3493 gr.
400 3428 430 3477 de
442 3428 499 3477 Tac.
514 3435 551 3478 61.
635 3435 658 3475 4.
671 3426 975 3489 Erpupraocdiacrbibua,
985 3425 1050 3474 datis

145 3501 167 3544 2.
194 3493 234 3543 Aa
253 3496 412 3546 inchoaturos
435 3509 469 3544 sc.
494 3508 552 3546 aare.
603 3491 1044 3559 marquantlebut,v.gr.deT.,23.
