2326 3922
349 286 492 330 CORNELII
513 286 614 329 TACITI
635 283 847 327 HISTORIARUM
876 350 879 354 Δ

126 271 184 331 160

123 435 207 476 mare
228 417 410 486 clauderet⁶,
438 421 506 478 tuta
521 436 599 493 pone
612 421 733 493 tergum
748 413 884 475 Achaia⁷
904 413 1070 490 Asiaque;‚

123 531 198 587 quas
212 512 346 574 inermes
370 517 501 591 exponi⁸
515 507 657 585 Vitellio,
681 516 713 573 ni
734 513 886 589 praesidiis
900 511 1067 571 firmaren-

122 620 189 687 tur,
213 623 304 694 atque
325 621 424 695 ipsum
439 621 600 680 Vitellium
615 622 646 678 in
663 620 779 677 incerto
800 618 865 675 iore
880 634 971 692 quam
990 633 1069 691 par-2

122 717 183 773 tem
205 717 305 775 Italiae
325 722 513 793 protegeret,
541 720 567 776 si
594 717 791 777 Brundisium
811 715 1066 788 Tarentumqnei

121 820 152 876 et
180 819 330 878 Calabriae
358 821 560 895 Lucaniaeque
569 822 592 857 ¹⁰
624 820 718 878 litora
752 818 873 876 infestis
907 817 1059 877 classibus

121 920 309 990 peterentur.

162 1021 211 1079 84.
237 1021 338 1096 Igitur
355 1023 496 1092 navium,
520 1022 667 1091 militum,
684 1037 838 1080 armorum
853 1021 962 1096 paratu
979 1022 1063 1078 stro-v

119 1133 192 1191 pere
207 1118 389 1192 provinciae,
407 1119 458 1177 sed
480 1118 558 1176 nihil
578 1137 663 1193 aeque
682 1119 834 1193 fatigabat
855 1134 945 1191 quam
966 1135 1061 1191 pecu*

120 1215 240 1272 niarum
269 1216 476 1290 conquisitio:
508 1211 595 1274 eos1'
613 1232 678 1274 esse
711 1214 783 1272 belli
812 1213 915 1272 civilis
944 1228 1056 1269 nervos

119 1313 264 1371 dictitans
272 1315 433 1373 Mucianus
445 1332 504 1373 non
511 1314 564 1389 jus
574 1318 741 1373 antverum
753 1313 785 1371 in
796 1311 1054 1386 cognitionibus2,

118 1413 169 1469 sed
196 1413 289 1471 solam
318 1414 560 1489 magnitudinem
589 1431 680 1488 opum
709 1413 876 1488 spectabat.
913 1413 1056 1470 Passim³

118 1509 300 1579 delationes,
324 1514 355 1570 et
375 1511 631 1586 locupletissimus
645 1513 774 1586 quisque
793 1512 824 1568 in
840 1511 973 1586 praedam
989 1528 1054 1568 cor-

118 1607 208 1681 repti.
227 1609 300 1674 Quae
319 1609 428 1683 gravia
453 1611 544 1683 atque
570 1609 778 1678 intoleranda,
797 1608 847 1665 sed
870 1607 1055 1666 necessitate

117 1723 270 1764 armorum
285 1711 446 1775 excusata,
465 1708 557 1766 etiam
579 1709 610 1765 in
633 1725 706 1782 pace
721 1723 873 1773 mansere,
897 1706 964 1781 ipso
979 1708 1056 1765 Vas-z

116 1803 242 1876 pasiano
258 1803 339 1862 inter
354 1804 445 1862 initia
460 1805 581 1880 imperii
604 1806 642 1863 ad
657 1805 838 1863 obtinendas
853 1804 1052 1879 iniquitates⁴

114 1901 194 1959 haud
217 1902 359 1976 perindo⁵
384 1902 573 1971 obstinante‚
591 1904 686 1962 donec
707 1903 900 1979 indulgentia
921 1902 1054 1960 fortunae

111 2001 142 2056 et
157 2000 262 2074 pravis
278 2001 435 2076 magistris
450 2001 558 2060 didicit
572 2019 724 2076 aususque
739 2005 796 2060 est.
822 2000 963 2075 Propriis
978 2018 1052 2074 quo-

111 2116 169 2172 que
195 2099 303 2172 opibus
319 2100 481 2159 Mucianus
503 2101 615 2159 bellum
632 2101 733 2176 juvit,
755 2100 860 2175 largus
884 2100 1049 2174 privatim,

112 2214 170 2271 quo
185 2197 307 2255 avidius
328 2198 364 2256 de
380 2217 412 2257 re
428 2199 549 2274 publica
571 2202 714 2258 sumeret.
738 2200 839 2258 Ceteri
855 2198 1052 2256 conferenda-

112 2311 179 2350 rum
195 2295 392 2368 pecuniarum
407 2297 578 2372 exemplum
601 2298 713 2365 secuti,
731 2297 907 2355 rarissimus
922 2296 1053 2370 quisque

111 2392 237 2449 eandem
253 2393 284 2450 in
304 2394 502 2468 reciperando
521 2395 678 2475 licentiam
699 2396 882 2453 habuerunt.

145 2542 166 2583 6.
186 2535 308 2584 Claudero
328 2534 442 2584 convient
462 2536 520 2585 bion
541 2539 555 2586 d

112 2616 193 2658 marc,
213 2599 273 2648 mais
285 2617 334 2650 non
354 2601 552 2666 dDyrrachinm3

112 2664 129 2713 il
142 2682 155 2730 y
168 2681 181 2713 a
193 2665 258 2714 donc
271 2682 304 2714 un
316 2682 418 2731 zeugma
430 2668 460 2729 (v.
475 2685 511 2732 gr.
523 2669 554 2718 de

110 2731 138 2778 T.
155 2736 220 2793 vuol:
245 2746 352 2795 occuper
380 2732 552 2796 Dyrrachium,

111 2797 202 2846 leriner
213 2797 237 2844 la
249 2812 311 2844 mer.

144 2870 165 2910 7.
188 2864 251 2911 Tuto
262 2861 376 2920 -Aaiu,
389 2861 438 2912 abl.
453 2863 505 2912 ahs.
520 2864 554 2913 La

110 2928 216 2978 se‘curite
233 2927 265 2975 de
281 2943 322 2975 ces
338 2927 403 2977 deux
425 2928 553 2992 provinces

110 2994 184 3042 serait
202 2993 225 3041 la
246 2996 417 3058 consequence
440 2994 484 3043 des
505 3010 553 3044 mc·

110 3076 180 3107 sures
198 3057 337 3123 indique‘es.

142 3133 164 3172 8.
188 3127 255 3186 Quos
276 3125 373 3186 capotii.
401 3123 480 3189 Apros
504 3140 553 3174 une

108 3189 261 3254 proposition
268 3188 449 3253 interrogative,
459 3206 489 3238 on
497 3206 553 3239 con-

109 3256 177 3305 tinue
198 3273 242 3320 par
258 3256 320 3304 t'int.
339 3272 397 3305 avec
417 3257 555 3306 l'acousatii

108 3323 251 3387 dependant
263 3322 321 3372 d'un
336 3322 409 3372 verbe
427 3323 552 3389 signillnnt

105 3403 204 3449 ponaer,
232 3387 421 3453 implicitemcnt
443 3401 551 3440 contenu

107 3453 168 3501 dans
180 3454 311 3517 orubipuua
323 3457 429 3504 consilii.

141 3526 162 3568 9.
176 3520 343 3571 Brundisium
357 3520 548 3593 Tarentumque,

605 2549 673 2603 ports
692 2538 837 2604 importants
849 2537 880 2588 de
893 2539 916 2588 la
928 2539 1049 2602 Calabro,

604 2605 628 2654 le
648 2605 755 2669 premier
774 2609 788 2653 a
809 2604 863 2654 l'cst
882 2622 926 2654 sur
945 2603 1051 2657 t'ndria·

605 2669 686 2735 tique,
712 2669 798 2720 l'autre
818 2674 832 2718 d
853 2670 941 2720 l'ouest
962 2688 1006 2721 sur
1026 2675 1050 2723 le

604 2736 670 2801 golie
682 2736 713 2786 de
725 2737 839 2786 Tarento.

639 2827 673 2868 10.
684 2820 810 2878 Lrtcuuiu,
822 2819 972 2869 al'ouestdu
980 2821 1048 2886 gollc

603 2885 634 2934 dc
646 2885 761 2934 Tarento.

637 2983 691 3024 ΟΔ.
722 2984 742 3024 l.
781 2976 828 3026 Eos
851 2975 975 3027 s'accordc
1003 2995 1048 3045 par

602 3041 732 3090 attraction
745 3057 803 3091 avec
815 3042 935 3092 l'attribut
946 3061 1045 3096 neruos.

636 3124 657 3164 2.
677 3116 844 3179 cognitiones,
864 3121 995 3183 enquetes.

636 3189 657 3231 3.
677 3181 789 3239 Passim,
805 3192 912 3246 partout.
990 3231 994 3237 ,

634 3255 657 3295 4.
677 3246 793 3296 Obtiucrc
805 3250 961 3310 irriguitutos,
981 3266 1045 3301 com-

602 3321 689 3362 mcttre
701 3312 745 3361 des
757 3312 883 3378 iniquitis.

635 3402 656 3442 5.
676 3394 752 3443 Haud
769 3399 875 3457 perinde
892 3413 927 3446 sc.
947 3413 977 3446 oc
995 3414 1045 3447 orc-

601 3462 684 3518 dcrea,
696 3476 739 3524 pas
752 3471 837 3510 entant
850 3461 924 3526 qu'on
933 3464 1045 3527 pourrait

601 3527 624 3576 lc
637 3524 715 3577 croire
727 3549 760 3568 =
770 3541 815 3593 pas
827 3527 969 3594 beaucoup,
984 3545 1041 3594 peu.
