2346 3922
330 263 421 307 crasa
440 264 485 322 111.
510 263 575 307 cnr.
601 246 733 305 78-81.
949 244 1011 306 245

72 392 187 453 Ceriali
235 398 432 473 occurrerant
471 397 640 455 extremum
676 392 840 453 discrimen
886 393 1004 463 adiere,

70 496 255 569 aspernante
265 495 364 553 milite
375 495 568 553 condiciones
582 494 677 570 pecie.
694 493 884 553 vulneratur
894 496 1009 566 praetor

70 593 225 651 Arulenus
249 593 419 662 Rusticus3
448 594 537 652 auxit
562 593 712 651 invidiam
737 607 828 666 super
857 590 1007 649 violatum

69 689 167 765 legati
181 692 380 767 praetorisque
395 708 505 749 nomen
520 691 645 767 propria
660 690 816 765 dignatio⁴
831 689 904 750 viri.
934 688 1005 748 Pul-

69 793 178 848 santur
206 791 348 859 comites,
369 791 520 849 occiditur
533 790 710 867 proximus⁵
731 789 822 847 lictor
850 788 1006 846 dimovere

70 888 194 949 turbam
215 905 327 958 ausus;
359 891 389 946 et
418 889 450 947 ni
475 889 546 947 dato
575 906 594 947 3
618 889 693 946 duce
721 887 863 962 praesidio
889 885 1006 944 defensi

69 986 186 1056 forent,
210 1005 330 1046 sacrum
349 989 442 1073 etiam
463 989 546 1047 inter
566 991 687 1046 exteras
708 989 781 1063 gent
783 1004 814 1044 es
835 986 1008 1061 legatorum

65 1087 120 1163 jus
144 1088 244 1146 ante
236 1105 303 1194 ipsa
328 1067 437 1163 patriae
458 1089 571 1146 moenia
596 1087 698 1146 civilis
723 1086 825 1144 rabies
854 1103 948 1161 usque
974 1087 1007 1145 in

70 1185 201 1243 exitium
221 1155 411 1245 temerasset.
434 1186 638 1261 AEquioribus
659 1184 771 1243 animis
793 1186 910 1260 accepti
936 1186 1008 1242 sunt

69 1302 125 1359 qui
116 1285 177 1342 31
190 1286 359 1343 Antonium
377 1287 542 1354 venerant,
559 1302 620 1343 non
636 1285 709 1359 quia
723 1283 848 1342 modest'
826 1286 889 1341 tior
902 1283 1004 1353 miles,

69 1382 124 1440 sed
145 1383 215 1440 duci
234 1383 303 1458 plus
321 1384 528 1442 auctoritatis.

112 1481 162 1539 81.
188 1483 355 1540 Miscuerat
371 1499 402 1540 se
417 1481 527 1556 legatis
543 1480 703 1540 Musonius
718 1478 834 1539 Rufus¹
856 1480 1007 1555 equestris

69 1577 202 1648 ordinis,
233 1580 368 1638 studium
396 1580 597 1655 philosophiae
625 1582 656 1636 et
688 1579 803 1654 placita
835 1579 1007 1638 Stoicorum

68 1676 266 1746 aemulatuc2;
291 1677 503 1753 coeptabatque
525 1677 696 1753 permixtus
716 1677 897 1752 manipulis,
927 1676 1008 1734 bona

67 1773 155 1848 pacis
175 1791 211 1831 ac
228 1773 301 1832 belli
321 1775 498 1832 discrimina
521 1775 688 1843 disserena,
716 1775 850 1832 armatos
870 1757 1004 1833 moneress

67 1871 105 1929 Id
119 1871 271 1946 plerisque
292 1872 441 1942 ludibrio,
458 1873 597 1948 pluribus
611 1873 719 1941 taedi0;
737 1889 792 1930 nec
807 1873 933 1929 deerant
954 1874 1007 1947 qui

67 1970 276 2045 propellerent
300 1972 588 2047 proculcarentque,
616 1972 648 2028 ni
670 1971 827 2028 admonitu
848 1972 1005 2029 modestis-

67 2068 141 2125 simi
165 2068 310 2144 cujusquc
332 2072 363 2126 et
383 2069 454 2128 aliis
479 2069 695 2127 minitantibus
721 2069 874 2128 omisisset
898 2070 1006 2127 intem-

66 2165 221 2241 pestivam
235 2165 430 2240 sapientiam.
448 2167 555 2224 Obviae
569 2165 653 2223 fuere
669 2168 699 2224 et
714 2166 852 2242 virgines
867 2166 1007 2227 Vestales

68 2280 140 2320 cum
168 2264 309 2338 epistulis
333 2264 454 2322 Vitellii
479 2265 518 2322 ad
542 2265 711 2322 Antonium
737 2265 880 2340 scriptis:
913 2264 1007 2322 eximi

70 2377 212 2435 supremo
227 2362 389 2419 certamini
410 2380 504 2419 unum
523 2363 604 2420 diem
623 2362 814 2438 postulabat3
843 2364 869 2421 si
890 2380 1008 2420 moram

67 2460 310 2536 interjecissent,
342 2461 464 2520 facilius
499 2462 601 2519 omnia
628 2465 827 2521 conventura.
861 2463 1007 2538 Virgines

67 2577 140 2618 cum
155 2561 268 2620 honore
283 2562 432 2631 dimissae3
450 2561 576 2622 Vitellio
592 2563 775 2638 rescriptum
797 2563 905 2622 Sabini
927 2564 1007 2622 caede

69 2660 103 2717 et
121 2659 260 2718 incendio
282 2661 429 2736 Capitolii
450 2661 602 2738 dirempta
623 2662 697 2720 belli
718 2664 928 2722 commercia³.

101 2814 124 2854 4
158 2807 289 2870 Dipnctio,
329 2808 512 2858 consideration

67 2873 235 2936 personnelle.
255 2872 349 2923 Tribun
367 2875 402 2923 du
420 2876 512 2940 pcuple

68 2952 127 2985 3333
138 2938 231 2995 Neron,
243 2938 357 2988 Rusticus
370 2949 412 2988 eut
423 2941 447 2988 13
456 2957 512 2989 333-

68 3017 127 3066 ruge
149 3002 180 3050 de
206 3003 451 3070 vouloi1·sopposer
481 3021 511 3053 au

67 3069 177 3116 senatus·
180 3070 293 3118 consulte
322 3071 365 3133 qui
398 3070 513 3120 condam-

68 3131 121 3179 nait
143 3133 249 3182 Thrasc'a
275 3138 289 3183 3
314 3134 422 3194 mensis,
450 3137 512 3186 mais

67 3195 164 3245 celui
133 3213 165 3246 ci
184 3198 231 3246 len
249 3199 373 3250 dissuada.
388 3201 511 3251 Domitien

67 3261 91 3309 13
109 3261 136 3310 sit
155 3263 305 3314 condamnet
324 3271 338 3315 3
356 3276 419 3316 mort
436 3284 467 3316 en
483 3275 511 3316 94

67 3342 120 3390 api·
131 3329 153 3377 J.
157 3329 194 3378 -G
200 3345 290 3394 parce
303 3347 336 3396 qu
338 3331 363 3380 il
375 3331 438 3381 avait
450 3333 511 3382 ecrit

67 3391 154 3458 l'dloge
166 3394 197 3443 de
210 3395 325 3446 Thrasea.

20 3516 24 3521 ,
99 3466 121 3507 5.
138 3460 273 3512 Proximus
281 3477 341 3527 qui
351 3462 411 3513 etan
420 3464 443 3515 le
452 3463 510 3531 plus

68 3527 123 3589 pres
135 3524 167 3575 de
178 3525 223 3574 131

597 2818 649 2859 94.
670 2818 690 2859 1.
704 2811 831 2859 Musonius
842 2811 938 2875 Rusca,
953 2809 1007 2874 phi-

562 2874 664 2939 losophe
681 2874 792 2924 stoicien.
815 2876 834 2924 ll
853 2875 890 2924 fut
906 2876 1005 2940 relegud

561 2957 619 2990 sous
647 2941 727 2989 Neron
751 2940 812 2989 dans
839 2957 888 2990 une
908 2941 941 2988 ile
962 2941 1005 2991 (13-

562 3015 639 3064 33113,
660 3009 691 3054 ob
702 3000 840 3080 beaucoup
863 3005 924 3055 de
916 3021 1005 3069 Jeunes

561 3088 621 3137 gens
635 3071 658 3120 13
671 3070 788 3120 suiuirent
799 3088 870 3184 lpour
885 3072 1005 3121 entendre

561 3153 599 3186 333
629 3137 770 3193 13333311
810 3147 837 3186 ut
864 3138 888 3186 13
918 3141 1006 3186 maltre

561 3194 707 3267 dEpictete.

594 3307 616 3348 2.
635 3301 790 3358 AEmclotas,
813 3299 857 3366 qui
877 3300 940 3351 avait
956 3318 1005 3352 em-

563 3363 647 3414 1113333
659 3381 716 3414 avec
727 3365 825 3414 ardeur.

594 3471 616 3511 3.
635 3463 697 3512 Belli
711 3466 871 3523 commercio,
893 3464 1005 3531 negocia·

561 3527 625 3579 tiens
637 3527 772 3579 militaires.

868 3622 908 3675 14*
