2346 3922
339 225 430 288 amna
450 224 472 271 1.
496 226 562 270 cnr.
586 210 720 271 27-29.
956 215 996 281 33

56 371 127 412 nem
142 370 208 413 esse
219 355 271 430 qui
282 358 453 431 raperetur,
468 356 576 415 simul⁴
588 374 627 415 ex
640 360 707 417 tota
717 359 808 431 urbe,
822 362 998 438 utquisque

56 453 168 511 obvius
178 453 295 524 fuerat,
308 455 363 512 alii
374 454 537 513 formidine
551 458 727 532 augentes⁵,
742 458 865 533 quidam
876 461 998 521 minora

56 553 162 621 γενοῦ,
185 554 305 610 netum
326 554 447 628 quidem
468 553 557 612 obliti
582 553 779 617 adulationis.
805 557 907 633 Igitur
927 577 996 617 con·

55 648 245 708 sultantibus
270 650 386 725 placuit
410 651 581 726 pertentari
606 652 743 711 animum
771 654 908 715 cohortis
929 674 997 731 quae

56 749 90 805 in
106 747 231 806 Palatio
246 748 410 806 stationem
424 748 552 824 agebat,
570 751 645 808 nec⁷
659 768 715 826 per
732 751 832 827 ipsum
854 754 994 825 Galbam,

55 846 146 922 cujus
165 846 286 923 integra
304 847 472 905 auctoritas
493 846 661 923 majoribus
685 852 829 910 remediis
854 854 996 911 servaba-

56 948 120 1005 tur.
150 945 223 1002 Piso
238 961 293 1019 pro
314 945 460 1021 gradibus
476 946 582 1004 domus
597 951 722 1006 vocatos
737 949 770 1006 in
785 949 866 1008 hunc
876 952 998 1009 modum

56 1043 210 1102 allocutus
229 1046 299 1102 est:
323 1064 341 1099 «
361 1047 465 1103 sextus
481 1044 545 1102 dies
563 1046 678 1120 agitur,
702 1047 938 1119 commilitones,
960 1067 999 1108 ex

56 1159 117 1217 quo
148 1141 274 1215 ignarus
297 1141 409 1213 futuri,
440 1143 490 1200 et⁸
518 1144 685 1218 optandum
710 1145 765 1203 hcc
794 1163 903 1204 nomen
933 1147 999 1205 sive

56 1241 228 1299 timendum
261 1243 344 1311 erat,
374 1240 476 1300 Caesar
495 1242 632 1301 adscitus
662 1261 753 1302 sum:
785 1245 863 1319 qno⁹
892 1225 998 1303 domus

57 1343 173 1400 nostrae
194 1342 248 1399 aut
267 1339 313 1399 roi
334 1339 463 1415 publicae
481 1340 560 1411 fato,
582 1341 614 1399 in
635 1345 739 1400 vestra
758 1359 850 1400 manu
865 1343 998 1417 positum

59 1443 119 1510 est,
137 1456 200 1497 non
215 1439 286 1515 quia
301 1456 367 1498 meo
383 1441 536 1499 nomine¹⁰
550 1441 720 1500 tristiorem
735 1458 837 1499 casum
852 1459 995 1516 paveam,

58 1539 161 1616 utqui
176 1539 321 1596 adversas
336 1556 386 1597 res
405 1541 549 1614 expertus
568 1557 636 1597 cnm
651 1539 815 1598 maxime¹¹
831 1539 946 1597 discam
960 1557 998 1599 ne

60 1637 208 1696 secundas
229 1637 350 1711 quidem
370 1637 471 1696 minus
491 1637 678 1696 discriminis
698 1638 831 1696 habere:
855 1638 953 1713 patris
967 1642 998 1697 et

61 1739 185 1795 senatus
206 1738 237 1794 et
256 1735 353 1810 ipsius
371 1735 493 1811 imperii
514 1737 644 1795 vicem¹²
664 1735 765 1804 doleo,
790 1735 816 1793 si
838 1736 925 1794 nobis
944 1739 998 1796 ant

60 1835 162 1910 perire
176 1833 265 1892 hodie
285 1850 406 1893 necesso
425 1837 471 1893 est
488 1837 558 1904 aut,
579 1835 658 1909 quod
673 1851 759 1909 aeque
775 1833 856 1908 apud
866 1835 889 1870 ¹³
903 1834 997 1892 bonos

61 1933 207 1990 miserum
231 1933 293 2001 est,
320 1932 467 1992 occidere.
496 1931 680 1991 Solacium1⁴
708 1930 842 2005 proximi
867 1932 997 1989 motus¹⁵

63 2094 130 2160 quel,
152 2093 286 2157 Comparez
297 2092 333 2141 les
350 2091 505 2158 expressions
587 2098 609 2141 8.
623 2091 775 2154 Remarquez
787 2089 812 2138 la
824 2089 957 2139 recherche
967 2089 998 2139 de

63 2163 142 2209 deamo
168 2162 222 2222 quis
245 2173 277 2208 ou
300 2173 386 2221 qoem,
410 2161 504 2207 mirum
554 2159 578 2206 la
590 2155 680 2206 varient
692 2156 723 2219 (v.
735 2172 772 2220 gr.
786 2155 818 2203 de
830 2155 857 2203 T.
873 2159 922 2217 184)
936 2155 998 2203 dans

63 2232 198 2289 mntem,
211 2227 244 2273 oh
257 2224 280 2272 le
290 2232 340 2272 mot
351 2221 508 2288 interrogarit
554 2220 675 2271 laliaison
685 2219 829 2285 irregulidrc
839 2227 914 2285 paret
924 2218 999 2269 d'une

62 2290 176 2340 n'exerce
192 2305 236 2354 pas
247 2304 297 2337 non
309 2289 366 2354 plns
377 2287 506 2337 d'inssuen·
555 2286 648 2337 double
668 2284 821 2352 proposition
848 2301 906 2335 avec
929 2284 997 2348 l'adj.

61 2372 91 2406 ce
102 2357 181 2405 suria
192 2353 369 2404 construction.
381 2354 407 2403 V.
419 2355 503 2404 Gantr.
555 2355 669 2416 iponem.

61 2429 148 2480 5154,
169 2436 230 2469 rem.
251 2425 274 2470 3.
296 2420 332 2469 On
354 2418 426 2467 dirait
449 2420 505 2483 plus

60 2487 271 2551 completcment:
306 2486 349 2534 sed
382 2486 506 2533 incertum

61 2568 112 2601 esee
123 2555 179 2615 quia
190 2556 335 2612 raperetur.

10 2662 12 2677 ,
95 2625 119 2667 4.
138 2617 220 2666 Simnl
230 2617 318 2664 -atii
329 2623 366 2664 est
377 2632 411 2664 un
420 2629 507 2663 anaco-

10 2688 12 2695 ’
60 2682 143 2732 iuthe.
166 2682 231 2730 Ponr
250 2680 387 2730 construire
402 2678 507 2743 regulia-

10 2740 12 2755 '
62 2755 159 2797 rement
168 2747 193 2794 la
206 2746 304 2811 phrase,
318 2745 335 2794 il
348 2745 400 2794 faut
411 2746 508 2794 donner

63 2830 97 2862 nn
119 2811 193 2861 verbe
212 2815 228 2860 a
245 2813 300 2868 alii,
322 2826 367 2875 par
383 2810 505 2875 exemplo,

64 2884 218 2935 acrarruot,
233 2874 307 2941 qu'on
326 2885 385 2940 peut
401 2875 461 2925 tir-er
476 2874 508 2924 de

64 2959 156 2994 rumor
171 2941 290 3008 effertur.

97 3018 120 3058 5.
140 3008 308 3071 Aupeotessc.
321 3021 458 3056 rumorem.

10 3132 12 3137 ¹
98 3082 120 3123 6.
140 3075 240 3123 Minora
262 3089 321 3121 vero
340 3072 399 3136 (abl.
419 3071 511 3137 de'pen-

10 3192 12 3207 ,
65 3137 509 3202 dantducomparatii),sc.dicentes,

67 3205 143 3272 qn'on
155 3203 201 3252 tire
210 3204 242 3253 dc
254 3212 378 3267 arqentor.

10 3270 15 3333 ζ
97 3279 121 3321 7.
148 3270 199 3319 Nec
224 3283 328 3333 marque
355 3265 511 3334 quelquefois

67 3353 115 3386 une
134 3333 275 3384 restrictior
291 3334 353 3383 dans
369 3336 393 3383 le
409 3348 465 3382 sens
481 3331 513 3380 dc

66 3418 110 3453 nec
127 3416 196 3458 vero,
216 3399 278 3450 mais
299 3415 357 3450 non.
375 3400 403 3451 V.
422 3414 459 3464 gr.
481 3398 514 3446 de

588 2425 610 2467 9.
631 2419 683 2479 Quo
694 2443 728 2453 -
736 2417 789 2482 (ato
802 2431 835 2465 so.
846 2415 890 2466 hoe
901 2417 999 2482 saetam

555 2486 596 2533 stt.

590 2555 625 2599 10.
644 2548 695 2596 Meo
717 2548 828 2603 nomine,
853 2561 917 2609 pour
941 2561 999 2594 mon

556 2621 663 2678 compte,
677 2610 911 2677 personnellement.

590 2687 626 2728 11.
644 2678 707 2728 Gom
731 2679 852 2733 maxime,
880 2676 942 2724 dans
971 2691 1000 2725 ce

556 2752 665 2794 moment
681 2746 768 2792 meme.

592 2816 627 2858 12.
649 2809 728 2857 Vicera
744 2813 804 2870 peut
816 2820 842 2854 se
853 2806 944 2856 rendre
955 2821 1000 2871 par

556 2891 632 2940 poor,
646 2873 662 2922 ὰ
674 2888 746 2922 conse
757 2873 795 2920 de.
808 2871 837 2920 V.
851 2873 936 2922 Gantr.
949 2881 1000 2932 114,

559 2946 724 3066 mild.2hpnd
743 3017 757 3050 a
775 3011 878 3050 souvent
898 3002 922 3051 ic
945 3018 1001 3050 sens

560 3071 591 3120 de
614 3086 648 3118 aa
664 3073 791 3132 jopement
808 3069 845 3125 de,
866 3083 918 3116 aea
938 3083 1002 3130 year

560 3139 598 3185 dc.
612 3135 640 3184 V.
654 3151 691 3200 gr.
705 3133 736 3182 de
748 3133 776 3180 T.
792 3141 842 3182 140.

595 3208 631 3250 14.
650 3201 789 3257 Solarium,
803 3195 923 3246 accusatis
937 3194 1004 3244 attri-

562 3264 636 3316 butif.

596 3338 631 3380 15.
645 3330 679 3378 Le
691 3327 790 3377 dernier
801 3334 970 3383 mourement,
981 3327 1005 3374 la

563 3395 677 3446 derniere
694 3392 831 3443 revolution
849 3401 886 3441 est
903 3393 927 3440 la
938 3389 1005 3455 prise

564 3461 668 3513 d’armes
685 3458 718 3512 de
729 3459 810 3513 Gaiba
820 3457 1020 3530 contreh'eron.
