2346 3922
191 266 250 326 158
413 280 557 324 connum
577 279 677 323 raom
697 279 910 324 msromuaum

189 409 290 466 centia
301 426 460 467 munerum
472 412 573 485 grata.
591 409 745 484 Quidquid
757 409 988 484 provinciarum
999 409 1134 468 alluitur

189 507 268 564 mari
282 507 357 565 Asia
372 510 463 582 atque
485 507 603 566 Achaia
617 510 721 575 tenue,
746 510 953 582 quantumque
974 502 1133 565 introrsus

190 604 222 661 in
238 606 372 662 Pontum
386 608 417 664 et
437 606 599 664 Armenios
620 607 767 681 patescit,
786 605 947 681 juravere3
971 605 1025 664 sed
1048 589 1130 663 iner-

191 702 272 759 mesl
300 701 395 778 legati
417 705 583 778 regebant,
615 704 748 762 nondum
769 704 884 762 additis
908 703 1131 778 Cappadociae⁶

188 799 371 874 legionibus,
399 802 568 861 Consilium
590 803 628 862 de
642 820 760 861 summa
774 819 877 860 rerum
892 801 1019 876 Beryti⁷
1042 801 1129 859 habi-

189 899 265 954 tum.
290 896 366 955 Illuc
382 900 543 958 Mucianus
558 918 626 958 cum
641 899 753 974 legatis
767 899 961 974 tribunisque
976 901 1007 956 et
1027 896 1129 974 splen·

189 993 346 1052 didissimo
361 1013 479 1070 quoque
495 999 707 1055 centurionum
729 1014 765 1054 ac
784 996 917 1054 militum
932 995 1036 1063 venit,
1061 1000 1093 1055 et
1111 1014 1130 1057 e

188 1092 207 1150 J
211 1092 324 1150 udaeico
339 1095 476 1152 exercitu
492 1094 572 1152 lecta
586 1095 728 1153 decora⁸:
745 1096 866 1151 tantum
882 1092 973 1151 simul
988 1093 1128 1167 peditum

137 1208 142 1215 ’
188 1190 384 1265 equitumque
399 1195 429 1250 et
444 1193 654 1251 aemulantium
680 1192 762 1250 inter
774 1209 805 1250 se
821 1191 946 1266 regum⁹
965 1194 1096 1266 paratus
1105 1193 1128 1229 ¹⁰

191 1287 321 1360 speciem
340 1288 471 1348 fortunae
485 1290 666 1365 principalis
681 1289 857 1348 effecerant.

231 1396 281 1453 82.
306 1395 412 1454 Prima
432 1396 504 1454 belli
523 1414 597 1454 cura
611 1413 703 1470 agere
718 1394 863 1463 dilectus),
882 1410 1027 1453 revocare
1042 1395 1125 1452 vete·

191 1509 298 1560 ranos3
326 1493 521 1551 destinantur
534 1493 645 1551 validae
663 1492 807 1550 civitates
829 1490 1006 1549 exercendis
1028 1507 1126 1549 armo-

190 1605 258 1645 rum
280 1587 421 1657 officinis;
436 1589 515 1665 apud
532 1589 754 1647 Antiochenses
775 1605 884 1647 aurum
904 1590 1128 1664 argentumque

191 1688 343 1762 signatur,
375 1705 469 1764 eaque
498 1691 608 1746 cuncta
636 1705 691 1761 per
719 1687 844 1746 idoneos
875 1687 1035 1745 ministros
1063 1687 1128 1745 suis

191 1784 322 1858 quidque
343 1783 418 1841 locis
439 1784 676 1842 festinabantur.
707 1785 776 1858 Ipse
791 1783 1125 1860 Vespasianusadire,

191 1882 323 1950 hortari,
341 1882 436 1941 bonos
449 1883 553 1951 laude,
571 1899 679 1957 segnes
694 1881 832 1957 exemplo
858 1882 988 1940 incitare
1014 1883 1128 1957 saepius

191 1998 280 2056 quam
295 1999 448 2050 coercere,
471 1981 551 2038 vitia
572 1982 670 2055 magis
691 1981 858 2038 amicorum
880 1997 972 2055 quam
992 1980 1128 2039 virtutes

191 2079 397 2139 dissimulans.
426 2079 540 2141 Multos
556 2078 764 2155 praefecturis1
781 2081 812 2136 et
827 2077 1125 2161 procurationibus),

191 2177 351 2253 plerosque
375 2179 523 2238 senatorii
538 2179 655 2236 ordinis
670 2179 784 2237 honore
800 2178 967 2255 percoluit,
985 2178 1128 2254 egregios

192 2279 276 2336 viros
291 2281 321 2336 et
336 2296 406 2336 mcx
421 2280 556 2337 summa³
570 2279 713 2353 adeptos;
731 2279 912 2353 quibusdam
926 2278 1052 2338 fortuna
1071 2296 1128 2354 pro

191 2375 360 2434 virtutibus
388 2377 458 2436 fuit.
486 2376 671 2434 Donativum
696 2375 790 2461 militi
819 2377 933 2451 neque⁴
964 2377 1128 2436 Mucianus

224 2525 246 2567 5.
265 2518 387 2577 laermca,
401 2536 457 2568 sans
472 2530 581 2594 [ccupas
716 2525 770 2566 8².
790 2527 811 2568 l.
831 2518 1005 2582 Praefectura,
1024 2517 1128 2584 charges

224 2591 246 2632 6.
266 2584 299 2633 La
319 2585 466 2660 Gappadoce
489 2588 549 2634 etan
569 2585 633 2634 alors
683 2583 714 2632 dc
734 2582 828 2647 pre'fct,
851 2582 998 2633 c'est-ddirc
1015 2582 1046 2632 dc
1062 2598 1128 2634 com-

191 2664 280 2698 cncore
298 2650 456 2700 administrae
474 2667 518 2715 par
530 2667 563 2699 un
579 2666 634 2714 pro·
683 2649 801 2697 mandant
816 2648 860 2697 des
881 2647 1023 2698 auxiliaires
1038 2648 1129 2715 (infan-

192 2723 319 2771 curateur;
351 2720 384 2764 un
407 2717 473 2782 legat
494 2715 633 2765 consulaire
682 2713 926 2779 tericctcavalerie).

192 2797 207 2846 y
227 2780 264 2828 sut
281 2784 372 2855 envcye
392 2797 450 2831 auco
469 2781 512 2830 des
533 2791 634 2846 trcupes
715 2804 737 2845 2,
763 2796 1002 2852 procurationibm,
1024 2796 1129 2873 charges

192 2846 632 2921 parVespasuen‚dcvenuempcreur·
658 2864 661 2869 '
682 2861 714 2911 de
735 2871 905 2926 procuratcur.
919 2862 947 2910 V.
959 2860 1127 2927 l'explication

226 2919 248 2959 7.
272 2913 378 2975 Berytus
401 2911 460 2976 (aul-
485 2911 633 2978 Belsfflsth),
683 2927 717 2975 du
729 2927 852 2986 motl‚7‚
867 2935 959 2977 notet.

192 2977 249 3025 ville
261 2976 382 3028 maritime
394 2977 425 3026 dc
437 2976 563 3026 Plienicie.

226 3050 248 3091 8.
281 3045 355 3094 Lecta
382 3045 485 3101 decora,
515 3040 634 3093 l'ahstrait

192 3124 256 3172 pour
267 3111 291 3159 le
302 3118 401 3158 conaret
413 3115 443 3169 (v.
455 3124 491 3173 gr.
502 3108 533 3156 de
541 3108 569 3156 T.
581 3109 633 3172 82):

192 3174 236 3222 des
259 3173 483 3230 lummesdene,
504 3172 636 3223 llicnncui·

192 3239 224 3287 de
236 3239 334 3289 l'armcc
346 3239 377 3288 de
388 3239 476 3289 Judce.

226 3313 248 3353 9.
268 3307 372 3368 Regum,
387 3305 430 3354 des
443 3303 502 3353 trois
514 3303 562 3354 rois
575 3304 635 3354 dont
717 3294 740 3334 ⁴·
759 3288 840 3351 Neine
852 3296 876 3336 ⁸¹
888 3288 1027 3350 ”edum
1039 3302 1066 3336 ⁸⁸
1076 3304 1128 3359 ΨΥ·

192 3370 210 3419 il
223 3371 288 3421 vient
300 3370 376 3420 d'ctre
389 3369 433 3419 lail
444 3368 563 3420 mention.
684 3352 1125 3433 s⁶⁸P⁰¹¹de¹¹¹r⁰⁰mme⁷¹⁰q¹f⁶'”⁰Wr

227 3445 262 3486 10·
297 3437 410 3486 paratus
428 3459 461 3478 =
477 3445 634 3502 apparatus,
685 3432 792 3466 mersen
810 3417 899 3466 faisant
917 3426 1031 3468 rcssortir
1049 3421 1075 3470 la
1089 3432 1128 3503 se·

192 3501 377 3574 magnifieenee,
685 3483 764 3534 conde
775 3481 939 3551 proposition.

717 3016 739 3057 3.
758 3010 875 3067 Summo,
899 3009 936 3057 les
958 3009 1016 3073 plus
1035 3010 1127 3074 grands

683 3073 822 3131 honneurs‚
851 3073 987 3124 consistant
1012 3075 1077 3125 daus
1102 3077 1126 3126 lc

684 3141 797 3214 consulat
809 3148 833 3188 et
845 3140 867 3188 le
879 3150 1073 3205 gouvernemcnt
1082 3142 1126 3192 des

684 3220 822 3270 provinces.
