2346 3922
167 257 224 314 174
389 268 533 311 cornuin
555 268 655 311 mom
675 267 889 310 maronianum

164 404 312 462 secturam
334 401 471 477 praetorii
486 401 614 476 adeptus
635 400 728 468 foret,
758 399 894 480 iniquam
913 400 1107 458 iracundiam

162 501 317 577 flagitiosa
331 499 459 575 perfidia
474 498 688 557 ulciscebatur.
717 497 782 556 Nec
798 496 870 554 sciri
885 499 1106 572 potesttraxe·

163 599 246 657 ritne
272 597 438 664 Caecinam,
467 612 524 663 an,
552 595 631 669 quod
657 595 761 652 evenit
787 594 869 652 inter
893 593 990 651 malos
1014 596 1051 652 ut
1077 598 1109 653 et

164 694 301 753 consiliis
317 693 432 752 similes
448 692 525 761 sint,
543 692 648 750 eadem
668 691 737 749 illos
758 691 897 766 pravitas
912 691 1091 767 impulerit..

207 796 276 854 101.
313 794 503 868 Scriptores¹
533 795 718 867 temporum,
751 791 803 865 qui
832 792 970 866 potiente
1001 810 1106 851 rerum

164 893 275 952 Flavia
296 893 383 950 domo
405 890 592 948 monimenta
612 889 685 948 belli
705 888 830 963 hujusce
852 896 1103 965 composuerunt,

164 1009 268 1049 curem
304 990 387 1065 pacis
414 992 445 1047 et
481 1005 614 1046 amorem
651 989 696 1045 rei
729 986 859 1062 publicae
887 990 1044 1063 corrupti²
1074 991 1106 1048 in

164 1090 371 1148 adulationem
387 1090 512 1148 causas³
531 1088 706 1147 tradidere:
725 1089 827 1158 nobie,
849 1093 959 1164 super⁴
980 1093 1106 1151 insitam

164 1187 323 1247 levitatem
346 1189 376 1245 et
396 1187 516 1262 prodito
537 1186 634 1246 Galba
654 1186 747 1244 vilem
762 1205 833 1244 mox
858 1188 961 1258 fidem,
984 1191 1106 1249 aemula-

165 1285 249 1342 tione
275 1285 368 1343 etiam
394 1284 587 1359 invidiaque,
619 1302 657 1342 ne
682 1285 720 1342 ab
746 1283 816 1342 aliis
841 1286 921 1360 apud
943 1271 1106 1347 Vitellium

164 1382 368 1449 anteirentur,
405 1380 591 1455 pervertisse
623 1381 723 1456 ipsum
751 1380 912 1439 Vitellium
946 1385 1104 1446 videntur.

166 1479 287 1537 Caecina
297 1478 433 1554 legiones
444 1481 601 1536 assecutus
612 1479 824 1536 centurionum
836 1479 1030 1558 militumque
1041 1484 1106 1542 ani-

165 1593 231 1636 mos
246 1576 415 1635 obstinatos
436 1593 491 1651 pro
506 1575 633 1635 Vitellio
652 1576 749 1634 variis
769 1577 888 1634 artibus
907 1578 1104 1642 subruebat⁵.

167 1678 262 1736 Basso
282 1679 385 1736 eadem
407 1679 546 1737 molienti
572 1678 672 1735 minor
697 1677 858 1736 difficultas
877 1681 959 1748 erat,
987 1681 1109 1743 lubrica

167 1777 205 1833 ad
220 1775 396 1834 mutandam
420 1775 510 1836 fidem
529 1776 625 1834 classe
645 1776 682 1834 ob
698 1775 875 1835 memoriam
896 1780 1031 1840 recentis
1051 1800 1108 1858 pro

168 1874 288 1932 Othone
309 1873 439 1933 militiae.
661 1867 662 1870 '

203 2017 279 2058 m.
294 2009 613 2072 l.Scriptorcn.Nommons
695 2016 717 2058 3.
737 2009 831 2059 Caurus
849 2009 990 2077 (compleor.
1004 2013 1109 2067 attribu-

169 2075 307 2124 seulement
327 2074 396 2124 Pline
419 2073 544 2130 innuen,
570 2072 613 2148 qui
663 2072 930 2137 tif)‚'commecanses.

168 2149 269 2189 mourut
288 2156 346 2188 sous
363 2137 445 2196 Titus,
468 2148 492 2188 ct
511 2139 614 2188 Cluvius
694 2147 717 2187 l.
737 2139 1023 2205 Super-fidem,outre
1037 2147 1061 2195 lu
1073 2146 1108 2198 soi
1168 2158 1171 2162 '

170 2205 249 2254 Rufus
262 2205 292 2262 (v.
307 2205 331 2264 1,
344 2212 371 2262 8,
385 2214 443 2253 note
455 2210 486 2265 3).
661 2203 734 2253 arilie
745 2208 817 2268 apres
828 2206 895 2255 avoir
907 2209 970 2257 trahi
984 2211 1072 2262 Galba.

205 2279 226 2318 2.
246 2271 366 2333 Correpti
383 2273 410 2318 in
427 2271 611 2326 adulationem,
695 2277 717 2318 5.
739 2269 880 2320 Sabrrcebut
924 2273 1108 2339 (imperfectum

170 2344 222 2385 mot
240 2338 254 2383 d
272 2345 336 2385 mot:
367 2337 452 2400 egeres
469 2333 570 2400 jusqu'd
589 2336 613 2384 la
661 2335 786 2397 conatus),
800 2335 926 2387 cherchait
937 2341 952 2387 d
964 2339 1058 2393 ruiner.
1076 2345 1106 2396 V.

170 2400 284 2452 datterie.
664 2401 747 2450 Gantr.
763 2408 817 2460 135,
830 2409 857 2461 2,
871 2419 931 2454 rem.
945 2413 968 2456 2.
