2346 3922
181 244 242 306 286

183 392 296 452 omissa
320 390 517 467 expugnandi
539 408 591 467 spe
612 407 719 449 rursus
745 407 801 466 per
827 388 924 446 otium
950 386 1125 459 assidebat,

183 490 301 548 nuntiis
313 490 344 547 et
354 488 513 563 promissis
523 486 612 546 fidem
627 488 783 563 legionum
794 487 997 546 convelleret.

227 586 278 644 31.
303 586 376 643 Haec
401 583 433 641 in
459 585 624 642 Germania
652 586 724 642 ante
750 585 952 645 Cremonense
980 583 1126 660 proelium

183 685 285 760 gesta,
308 681 395 757 cujus
416 684 559 740 eventum
583 683 697 741 litterae
712 683 812 741 Primi
826 684 954 744 Antonii
976 684 1123 750 docuere,

182 781 287 842 addito
303 781 447 839 Caecinae¹
464 778 580 849 edict03
598 781 629 837 et
649 778 812 854 praefectus
827 781 962 839 cohortis
978 798 994 837 e
1012 780 1124 847 victis,

182 882 326 957 Alpinius
347 880 512 937 Montanus
520 881 542 947 ²,
566 877 721 936 fortunam
740 880 876 955 partium
891 895 1028 954 praesens
1048 878 1125 937 fate-

182 980 284 1037 batur.
300 976 423 1034 Diversi
439 977 510 1034 hinc
522 978 622 1036 motus
637 977 819 1037 animorum.
832 977 960 1036 Auxilia
975 995 991 1034 e
1004 976 1121 1045 Gallia,

183 1077 252 1152 quis
273 1093 329 1133 nec
349 1092 436 1134 amor
460 1093 558 1150 neque
583 1075 685 1133 odium
711 1077 743 1133 in
769 1077 887 1152 partes,
915 1075 1032 1133 militia
1057 1075 1126 1133 sine

185 1174 314 1242 affectu,
332 1173 527 1232 hortantibus
541 1171 694 1248 praefectis
709 1172 816 1230 statim
834 1189 852 1229 a
866 1171 993 1231 Vitellio
1014 1171 1128 1230 descis-

183 1274 272 1340 cunt;
286 1271 376 1329 vetus
386 1270 474 1329 miles
487 1269 699 1328 cunctabatur.
718 1269 777 1327 Sed
791 1270 936 1344 adigente
948 1270 1128 1328 Hordeonio

182 1370 309 1439 Flacco,
333 1369 522 1427 instantibus
536 1367 686 1438 tribunis,
704 1367 784 1426 dixit
804 1369 1046 1437 sacramentum,
1064 1387 1128 1427 non

181 1466 271 1525 vultu
287 1463 384 1541 neque
399 1465 501 1523 animo
517 1465 593 1523 satis
607 1464 777 1535 affirmans;
792 1468 827 1524 et
843 1483 910 1523 cum
926 1468 1031 1525 cetera
1041 1465 1128 1541 juris

178 1563 305 1641 jurandi
327 1564 422 1622 verba
447 1563 672 1638 conciperent³,
696 1563 879 1639 Vespasiani
901 1581 1012 1622 nomen
1035 1564 1127 1624 haesi-

181 1663 284 1721 tantes
298 1663 352 1721 aut
371 1661 433 1719 levi
448 1678 603 1719 murmure
624 1663 656 1718 et
676 1660 854 1736 plerumque
876 1661 1000 1721 silentio
1023 1665 1126 1722 trans·

185 1759 382 1818 mittebant&

224 1859 274 1919 32.
300 1858 402 1916 Lecta
426 1855 535 1914 deinde
559 1874 615 1933 pro
641 1859 801 1918 contione¹
827 1859 966 1936 epistulae
991 1860 1123 1919 Antonii

183 1956 222 2014 ad
237 1955 367 2015 Civilem
388 1955 576 2030 suspiciones
590 1956 724 2015 militum
746 1957 925 2026 imitavere,
947 1961 1127 2032 tamquam²

184 2055 223 2113 ad
245 2055 360 2113 socium
378 2054 513 2130 partium
535 2055 657 2130 scriptae
672 2057 704 2113 et
722 2054 758 2112 de
781 2056 963 2114 Germanico
984 2057 1125 2114 exercitu

185 2151 350 2211 hostiliter.
374 2151 447 2210 Mox
472 2149 576 2208 allatis
602 2150 790 2209 Geldubam³
816 2154 847 2210 in
873 2155 976 2211 castra
1005 2153 1126 2212 nuntiis

185 2250 290 2309 eadem
311 2249 394 2308 dicta
413 2248 572 2323 factaque,
594 2251 626 2307 et
646 2249 757 2307 missus
776 2267 844 2308 cum
864 2251 1018 2310 mandatis
1037 2252 1125 2310 Mon·

184 2350 276 2407 tanus
297 2347 336 2407 ad
360 2346 506 2417 Civilem,
528 2350 563 2406 ut
583 2348 747 2407 absisteret
769 2348 848 2407 bello
870 2367 947 2408 neve
973 2352 1123 2408 externa⁴

408 258 552 302 CORNELII
571 259 671 302 'factm
692 257 904 302 msromnrtum

217 2493 415 2553 adunantem,
448 2492 584 2544 cherchant
613 2495 627 2542 d

183 2557 307 2608 ebranler.

219 2631 273 2672 81.
293 2632 314 2673 l.
334 2625 441 2675 Caecina.
455 2623 555 2683 Gecina,
568 2639 626 2674 con-

677 2491 802 2556 passaient
813 2509 870 2542 sous
883 2493 984 2542 silence.
997 2492 1032 2540 De
1041 2499 1126 2542 trans-

677 2559 789 2616 mittere,
811 2558 828 2606 il
847 2558 898 2607 faut
916 2559 977 2607 tirer
997 2574 1030 2606 un
1052 2567 1124 2606 autre

677 2622 750 2672 verbe
782 2623 824 2688 qui
856 2623 939 2689 puisse
964 2621 1083 2672 convenis
1110 2624 1124 2670 d

184 2689 224 2737 sul
236 2698 260 2737 et
276 2691 376 2754 general
389 2690 420 2739 de
429 2689 551 2748 Vitellius,
565 2689 629 2739 avait

184 2753 248 2803 trahi
269 2770 314 2805 son
334 2755 399 2806 chef.
421 2756 499 2820 Apres
517 2755 541 2804 la
561 2755 628 2820 prise

184 2819 216 2869 de
239 2819 375 2879 Cremone,
402 2820 420 2869 il
443 2819 506 2869 avait
528 2821 626 2878 donne,

184 2901 216 2934 en
233 2900 260 2933 sa
280 2885 373 2949 qualite
389 2886 421 2935 de
442 2886 542 2944 consul,
561 2885 630 2935 l'c‘dit

185 2949 246 2998 dont
258 2948 276 2998 il
288 2960 325 3000 est
354 2950 460 3001 uestion.
473 2951 521 3016 lly
537 2967 629 3001 annon·

186 3014 234 3072 cait
257 3031 313 3064 sans
336 2967 412 3066 doute
434 3017 458 3066 la
481 3015 581 3066 victoira
605 3025 629 3065 et

185 3079 348 3130 l'avenement
365 3082 396 3132 de
414 3081 557 3148 Vespasien,
571 3097 629 3131 avec

186 3145 259 3195 ordre
276 3145 308 3195 de
329 3146 365 3196 lui
380 3151 464 3212 preter
479 3157 594 3196 serment.

220 3217 242 3258 2.
261 3211 402 3262 Montanus.
416 3213 443 3263 V.
458 3213 502 3272 lll,
516 3220 552 3263 35.

220 3283 241 3324 3.
266 3276 345 3326 Verba
365 3280 506 3341 concipere,
528 3292 630 3343 propre-

186 3349 255 3390 ment
270 3340 389 3391 formuler
409 3344 433 3393 le
452 3353 574 3402 serment,
597 3341 629 3392 ici

187 3421 327 3470 prononcer
348 3407 384 3458 les
425 3411 504 3458 arotes
524 3411 559 3457 dn
578 3424 628 3457 sen·

181 3470 358 3540 mentd'aprds
367 3473 392 3526 la
404 3424 509 3525 dimne
518 3474 625 3524 donuae.

677 2689 815 2738 hesitantes
846 2698 871 2737 et
898 2690 947 2738 levi
973 2703 1122 2753 murmane,

677 2769 723 2817 par
734 2754 862 2818 example,
875 2753 1087 2816 pronuntiabant.
1102 2752 1123 2802 ll

678 2835 693 2883 y
708 2834 722 2867 a
740 2818 805 2868 donc
821 2817 853 2867 ici
866 2836 899 2868 un
911 2834 1022 2884 zeugma.
1040 2819 1069 2868 V.
1083 2834 1121 2884 gr.

678 2884 710 2932 de
721 2884 778 2933 Tac.
794 2890 844 2933 176.

713 2956 767 2998 ⁸2.
782 2958 802 2998 l.
816 2949 867 2998 Pro
879 2952 998 3006 contione,
1009 2947 1122 3005 dNeuss,

678 3017 710 3062 od
740 3030 766 3063 se
795 3014 933 3063 trouvaient
962 3012 1121 3063 Hordeonius

679 3080 781 3130 Flaccus
793 3088 818 3128 et
831 3081 853 3128 le
866 3079 976 3144 quartier
985 3079 1096 3143 gerraral.

713 3152 734 3193 2.
761 3145 910 3208 Tamquam,
943 3159 1016 3208 parce
1046 3142 1122 3208 qu'on

679 3209 803 3275 regardait
832 3211 855 3258 la
881 3211 953 3259 lettre
982 3208 1124 3274 (epistulae)

678 3291 805 3325 comme...
820 3275 847 3324 V.
861 3292 898 3341 gr.
918 3275 950 3324 de
962 3275 1020 3324 Tac.
1035 3281 1086 3323 130.

712 3348 734 3390 3.
754 3341 908 3398 Geldubam,
942 3343 974 3389 od
1001 3355 1027 3387 se
1057 3348 1124 3388 trou-

678 3406 760 3456 vaient
778 3407 814 3454 les
830 3415 931 3471 troupes
949 3403 1124 3455 commandees

678 3487 723 3538 par
734 3472 827 3521 Vocula
839 3481 863 3520 et
875 3469 1024 3521 Herennius.

208 3547 233 3591 4.
251 3540 362 3595 Silentia
374 3540 635 3600 trammittebant,le
716 3545 741 3586 l.
757 3537 997 3594 Eatesua,desrues
1007 3533 1121 3593 hostiles,
