2346 3922
332 208 426 254 amna
444 208 490 253 111.
515 208 583 253 car.
608 189 742 254 54-57.
951 178 1022 252 223

80 341 231 403 foedarum
244 343 403 402 volucrum
422 340 675 419 supervolitavit,
698 341 734 398 ut
754 339 834 399 nube
858 341 928 399 atra
942 339 1023 400 diem

81 443 292 504 obtenderent.
320 443 458 503 Accessit
472 443 573 501 dirum
588 459 691 511 omen,
708 439 855 516 profugus
870 439 1022 499 altaribus

80 539 190 598 taurus
205 539 332 616 disjecto
346 538 489 599 sacrificii
504 541 671 617 apparatu,
688 537 794 614 longe,
815 556 870 596 nec
884 540 919 596 ut
934 537 1022 599 feriri

81 638 199 698 hostias
213 656 277 697 mos
292 641 354 710 est,
372 639 538 698 confossus.
570 638 629 699 Sed
644 637 832 714 praecipuum
847 638 912 713 ipse
923 636 1021 697 Vitel-

80 735 143 795 lius
171 739 325 795 ostentum
359 738 442 807 erat,
482 736 608 813 ignarus
648 735 785 804 militiae,
830 735 1021 811 improvidus

83 834 234 904 consilii¹‚
262 835 331 911 quis
351 837 424 895 ordo
449 836 594 912 agminis,
623 852 690 910 quae
718 850 793 893 cura
821 833 1019 908 explorandi,

82 933 234 1006 quantus²
248 933 384 1008 urgendo
408 933 597 991 trahendove
617 931 696 991 bello
715 932 821 991 modus
842 931 920 991 alios
940 933 1023 1009 rogi-

82 1030 167 1099 tans,
191 1031 223 1088 et
247 1031 286 1088 ad
311 1047 414 1089 omnes
439 1031 562 1089 nuntios
586 1029 675 1088 vultu
701 1047 820 1106 quoque
845 1031 877 1088 et
901 1030 1022 1089 incessu

83 1128 238 1203 trepidus,
256 1129 326 1186 dein
347 1129 542 1188 temulentus.
569 1129 729 1188 Postremo
743 1129 836 1187 taedio
851 1130 1022 1187 castrorum

84 1229 114 1285 et
125 1227 232 1286 audita
242 1227 411 1297 deiectione
422 1228 604 1288 Misenensis
619 1227 725 1287 classis
736 1229 865 1287 Romam
877 1228 1019 1298 revertit,

83 1326 327 1384 recentissimum
341 1327 479 1403 quodque
493 1325 605 1386 vulnus
623 1327 768 1402 pavens³,
786 1326 896 1384 summi
916 1326 1021 1385 discri-

83 1423 194 1481 minis⁴
215 1424 396 1484 incuriosus.
423 1425 505 1484 Nam
534 1443 602 1483 cum
626 1426 801 1501 transgredi
826 1426 1022 1501 Apenninum

84 1520 205 1596 integro
230 1523 383 1581 exercitus
411 1524 459 1583 sui
486 1525 595 1583 robore
620 1525 651 1583 et
678 1524 773 1583 fessos
802 1524 902 1583 hieme
930 1527 1022 1600 atque

84 1619 189 1694 inopia
213 1620 314 1679 hostes
336 1623 462 1697 aggredi
483 1622 515 1681 in
530 1624 636 1699 aperto
651 1622 759 1693 foret5,
778 1623 849 1682 dum
871 1624 1022 1700 dispergit

82 1717 182 1788 vires,
203 1719 385 1777 acerrimum
399 1719 529 1778 militem
550 1723 581 1778 et
595 1737 690 1794 usque
716 1719 748 1778 in
769 1721 907 1779 extrema
928 1722 1021 1780 obsti-

83 1818 191 1873 natum
210 1814 425 1875 trucidandum
445 1818 684 1894 capiendumque
703 1819 847 1890 tradidit,
871 1820 1021 1894 peritissi-

82 1914 142 1973 mis
162 1915 375 1973 centurionum
395 1916 646 1984 dissentientibus
666 1921 711 1987 et,
735 1918 762 1976 si
777 1918 1019 1989 consulerentur,

82 2029 158 2071 vera
173 2012 312 2072 dicturis.
339 2014 474 2072 Arcuere
495 2031 546 2073 eos
567 2014 670 2073 intimi
694 2015 862 2073 amicorum
881 2014 1020 2087 Vitellii,

83 2110 129 2168 ita
152 2110 291 2168 formatis
316 2112 465 2188 principis
490 2114 616 2173 auribus
641 2115 676 2172 ut
700 2129 807 2190 aspere
825 2130 892 2188 quae
913 2112 1019 2185 utilia,

84 2209 315 2285 necquicquam
330 2210 391 2269 nisi
404 2209 574 2286 jucundum
588 2211 638 2270 et6
656 2211 800 2270 laesurum
813 2211 977 2286 acciperet.

124 2341 187 2405 57„
200 2341 260 2400 Sed
280 2341 408 2401 classem
428 2342 632 2401 Misenensem
654 2342 783 2419 (tantum
801 2341 946 2400 civilibus
961 2343 1021 2402 dis-

83 2440 195 2499 cordiis
231 2441 325 2499 etiam
360 2441 549 2517 singulorum
584 2442 712 2500 audacia
745 2440 839 2516 valet)
878 2440 1022 2500 Claudius

83 2539 274 2598 Faventinus
288 2539 426 2598 centurio
440 2556 496 2614 per
510 2539 710 2614 ignominiam
728 2556 747 2597 a
762 2538 860 2598 Galba
879 2538 1022 2597 dimissus

82 2639 121 2696 ad
136 2637 335 2696 deiectionem
349 2638 461 2707 traxit,
488 2637 569 2697 fictis
593 2637 777 2713 Vespasiani
792 2636 933 2712 epistulis
953 2654 1021 2713 pre·

30 2768 34 2774 ·
83 2738 161 2796 tium
189 2737 372 2813 proditionis
401 2738 568 2797 ostentans.
597 2737 736 2796 Praeerat
761 2735 850 2794 classi
876 2735 1021 2793 Claudius

83 2835 285 2912 Apollinaris,
313 2853 410 2911 neque
434 2834 505 2894 fidei
530 2838 672 2895 constans
700 2852 798 2909 neque
819 2835 962 2894 strenuus
987 2834 1020 2892 in

118 3009 170 3052 ⁸0.
196 3012 217 3052 l.
237 3003 396 3066 improvidus
415 3003 524 3060 consilii,
610 3009 633 3050 4.
651 3001 748 3051 Summi
769 3001 922 3049 discriminis
951 2997 1021 3049 imru·

83 3067 230 3135 sansprojet
244 3071 322 3118 arrete
334 3067 459 3117 d’avanoe.
576 3069 671 3125 mosas,
690 3082 747 3116 sans
763 3064 831 3116 sonci
853 3065 887 3114 du
911 3073 1020 3115 moment

116 3142 138 3184 2.
157 3135 219 3196 Quis
228 3159 261 3170 -
269 3149 323 3197 quc
332 3161 366 3170 -
377 3138 486 3196 quamtus
494 3158 527 3168 -
577 3134 600 3183 le
612 3134 669 3198 plus
681 3131 794 3196 critique.

84 3216 119 3251 sc.
143 3200 298 3250 adhibendus
320 3215 353 3249 ou
386 3198 527 3247 adhibendo
609 3207 631 3248 5.
650 3199 851 3261 inapertoessa
872 3199 923 3246 erre
936 3195 1018 3246 facile.

83 3272 144 3316 esset
156 3266 277 3329 repleam.
610 3271 632 3313 6.
650 3264 683 3314 m
692 3278 793 3338 masque
803 3260 960 3328 quelqueiois
969 3279 1020 3312 une

116 3339 138 3381 3.
157 3331 255 3380 Pacem
266 3330 297 3395 (v.
311 3344 348 3394 gr.
360 3329 391 3378 de
401 3329 440 3387 T.‚
454 3327 524 3392 §17):
577 3329 659 3395 le'gere
670 3327 827 3393 opposition:
845 3327 955 3393 quoique
967 3326 1022 3376 nui-

84 3395 218 3446 tremblant
245 3399 260 3446 a
288 3395 384 3461 chaque
416 3408 528 3444 nouveau
578 3394 654 3453 sible,
680 3395 786 3445 funeste.
808 3394 836 3444 V.
855 3409 892 3461 gr.
911 3393 943 3442 de
960 3393 1017 3443 Tac.

85 3477 175 3515 revers.
578 3465 656 3522 5111.
