2346 3922
355 272 447 316 niens
468 273 510 314 1v.
529 272 606 316 ,oua
632 260 763 319 42—44.
983 260 1041 319 301

103 422 229 465 accursu
244 404 412 465 amicorum
427 407 689 468 retraherentur⁶.
708 407 783 466 Cum
798 407 962 482 glisceret⁷
981 426 1043 466 cer-

102 506 222 574 tamen,
250 505 322 563 hinc
349 504 439 563 multi
465 505 613 581 bonique,
647 506 717 565 inde
744 507 835 582 pauci
865 508 896 564 et
924 506 1041 565 validi⁸

101 603 309 677 pertinacibus
328 603 407 662 odiis
425 603 616 675 tenderenti,
639 608 834 681 consumptus
849 623 904 682 per
925 606 1039 663 discor·

104 702 184 761 diam
200 702 276 761 dies.

146 803 198 860 44.
219 801 367 860 Proximo
382 804 502 873 senatu,
523 805 686 863 inchoante
702 806 820 863 Caesare
842 804 878 862 de
895 802 1043 862 abolendo

105 899 227 956 dolore¹
251 900 358 974 iraque
379 903 411 959 et
431 902 568 977 priorum
590 906 761 978 temporum
780 902 1042 971 necessitatibus²‚

106 991 227 1055 censuit
241 998 403 1058 Mucianus
418 1001 555 1075 prolixe³
566 1019 621 1077 pro
635 1001 879 1071 accusatoribus;
894 1001 985 1059 simul
996 1018 1047 1059 eos

107 1097 158 1171 qui
184 1098 345 1171 coeptam⁴,
371 1097 480 1157 deinde
505 1100 647 1157 omissam
673 1099 825 1157 actionem
851 1101 1043 1173 repeterent,

107 1194 243 1252 monuitl
265 1210 404 1253 sermone
424 1195 508 1253 molli
534 1198 565 1254 et
589 1198 745 1273 tamquam
770 1200 905 1272 rogaret.
934 1199 1045 1255 Patres

105 1293 270 1367 coeptatam
284 1292 471 1363 libertatem,
484 1296 644 1369 postquam
658 1296 781 1355 obviam
796 1298 884 1364 itum,
902 1296 1042 1354 omisere.

105 1390 284 1461 Mucianus,
307 1409 346 1450 ne
368 1393 471 1468 sperni
494 1394 617 1451 senatus
634 1393 786 1469 judicium
801 1396 832 1452 et
851 1394 969 1453 cunctis
988 1394 1043 1452 sub

105 1488 229 1548 Nerone
242 1490 404 1549 admissis⁶
425 1491 496 1550 data
511 1492 678 1568 impunitas
693 1494 862 1562 videretur,
879 1493 1043 1551 Octauium

105 1593 279 1668 Sagittam⁷
308 1594 338 1651 et
363 1595 534 1652 Antistium
560 1596 722 1654 Sosianum
751 1591 899 1651 senatorii
925 1592 1043 1650 ordinis

105 1707 245 1766 egressos
266 1691 409 1750 exsilium
431 1692 463 1750 in
479 1693 598 1750 easdem
620 1691 736 1750 insulas
750 1690 880 1768 redegit.
898 1690 1045 1748 Octavius

104 1789 253 1848 Pontiam
267 1790 469 1860 Postumiam,
483 1794 589 1867 stupro
604 1790 778 1865 cognitam⁸
793 1792 824 1847 et
839 1791 963 1864 nuptias
974 1807 1045 1848 suas

102 1886 307 1956 abnuentem,
338 1888 489 1963 impotens
513 1890 625 1947 amoris
651 1888 864 1958 interfecerat3
897 1887 1045 1945 Sosianus

101 1984 262 2060 pravitate
277 2002 395 2043 morum
410 1986 515 2045 multis
530 1987 689 2045 exitiosus.
703 1985 800 2044 Ambo
815 1983 905 2058 gravi
920 1986 1045 2041 senatus

101 2082 245 2141 consulto
269 2083 405 2141 damnati
430 2084 585 2161 pulsique,
613 2084 777 2160 quamvis⁹
802 2097 944 2139 concesso
973 2081 1045 2139 aliis

102 2181 226 2250 reditu,
243 2181 276 2239 in
291 2182 396 2240 eadem
411 2199 502 2257 poena
516 2184 630 2242 retenti
646 2184 728 2241 sunt.
752 2182 818 2241 Nec
826 2182 849 2216 ¹⁰
865 2180 932 2238 ideo
947 2180 1045 2238 lenita

102 2295 179 2353 erga
200 2280 378 2338 Mucianum
397 2279 526 2338 invidia.
551 2280 669 2355 Quippe
695 2277 843 2336 Sosianus
864 2293 899 2334 ac
921 2275 1045 2350 Sagitta

603 2432 647 2481 fait
667 2448 725 2481 sous
744 2431 823 2481 Galba
845 2446 895 2479 une
917 2430 1045 2494 poursuitc

603 2507 688 2548 contre
705 2496 835 2547 Marcellus
853 2505 877 2544 ct
897 2512 912 2561 p
929 2494 993 2544 avait
1010 2511 1047 2544 re-

603 2566 692 2613 nonce.
706 2563 734 2612 V.
748 2561 788 2612 ch.
802 2569 824 2610 6.

635 2637 657 2678 5.
670 2629 774 2686 Monuit,
783 2627 867 2676 donna
875 2626 919 2676 des
928 2624 1044 2676 conseils.

635 2701 658 2744 6.
677 2694 816 2751 Admissis,
851 2692 883 2741 de
916 2687 1061 2749 admissus

603 2759 705 2818 crimes,
720 2759 781 2808 n’est
792 2773 836 2824 pas
847 2757 979 2822 classique.

635 2834 657 2874 7.
677 2823 784 2890 Sagitta,
798 2823 882 2873 tribun
894 2823 926 2872 du
943 2820 1043 2887 ponpis,

603 2892 741 2942 condamne
760 2906 818 2939 sons
837 2891 918 2939 Neron
934 2892 949 2936 a
964 2888 989 2936 la
1006 2887 1047 2935 de

603 2956 727 3022 pontatica
745 2964 770 3004 et
790 2959 805 3004 t
824 2955 848 3003 la
868 2964 937 3029 perte
954 2953 986 3002 dc
1006 2968 1046 3001 ses

603 3022 683 3072 biens.
697 3021 816 3071 Sosianus
827 3029 891 3069 avan
903 3033 1012 3068 encouru
1022 3018 1046 3067 la

604 3092 682 3137 meme
694 3087 768 3152 peine
779 3102 836 3136 sous
845 3087 934 3135 Neron.

594 3165 598 3170 ’
637 3160 660 3203 8.
689 3154 783 3214 Stupro
814 3154 952 3215 copnitcm,
986 3147 1046 3214 qu'il

603 3218 667 3269 avait
679 3217 784 3268 seduite.

139 2442 163 2484 6.
189 2435 494 2484 Dcnccretroltercntur.
521 2434 550 2482 V.

105 2517 172 2566 pour
189 2508 254 2549 cette
270 2499 442 2566 brachylogie,
467 2517 504 2566 gr.
521 2500 553 2548 de

105 2567 165 2616 Tac.
181 2571 255 2624 5183.

139 2640 163 2680 7.
183 2631 312 2706 (itiscctct,
331 2630 476 2690 s'eteudait,
492 2646 551 2695 aug-

107 2706 221 2747 mentau.

141 2771 163 2812 8.
181 2763 270 2820 Validi,
280 2761 416 2827 puissants,
425 2761 551 2810 influents.

140 2837 163 2878 9.
196 2829 305 2877 Tendere
330 2851 364 2871 =
389 2830 550 2884 contendere,

106 2894 261 2951 combaure,
275 2894 360 2943 lucter.

142 2968 197 3008 44.
211 2968 231 3008 1.
246 2961 347 3017 Dolore,
357 2958 552 3008 ressentiments.

141 3025 387 3082 elimosinarum,
409 3025 554 3088 dependant

107 3091 141 3140 dc
164 3093 193 3139 de
214 3090 401 3139 sons-entendu.
428 3089 554 3139 Plusieurs

107 3155 245 3206 donnaient
257 3171 321 3219 pour
334 3171 425 3204 excuse
437 3154 510 3220 qu'ils
522 3171 554 3204 nc

106 3223 243 3288 ponuaient
255 3237 308 3287 pas,
322 3236 379 3270 sous
397 3222 488 3282 Neron,
501 3220 555 3286 agir

107 3295 259 3338 entrement.
635 3292 658 3333 9.
678 3285 798 3346 Quamvis
809 3297 867 3331 auec
878 3279 945 3329 l'abl.
959 3279 1045 3328 absolu

141 3361 163 3402 3.
194 3353 311 3410 Pretiae,
345 3351 420 3402 d'unc
446 3350 554 3402 manidre

105 3421 185 3484 large,
197 3418 343 3484 ligurement
354 3438 359 3466 :
371 3433 428 3468 avec
439 3417 556 3467 bicnveil-

105 3487 312 3614 lezcecoepmm
341 3547 468 3600 llelvidius
492 3546 555 3597 avait

603 3349 667 3401 n'est
688 3365 732 3415 pas
755 3347 887 3412 classique.
908 3346 936 3395 V.
958 3345 1043 3395 Gantr.

604 3423 616 3475 5
629 3423 684 3472 174,
697 3423 724 3473 2,
738 3431 798 3464 rem.

639 3481 1043 3536 10.Ncc=necverc,occtcmen,

604 3545 674 3604 mais,
683 3542 1042 3611 toutefoisttpndedae.115.
