2346 3922
352 213 443 275 arasa
463 233 497 274 11.
522 233 588 275 car.
612 217 744 275 39-42.
954 214 1013 274 125

121 367 172 424 41.
196 365 308 424 Eodem
329 365 378 424 die
398 365 435 422 ad
457 364 606 424 Caecinam
627 366 712 440 operi
736 364 839 438 pontis
861 364 1012 420 intentum

76 465 139 522 duo
165 466 376 540 praetoriarum
397 465 568 523 cohortium
587 464 720 532 tribuni,
744 461 927 535 colloquium
948 460 1013 535 ejus

76 562 286 637 postulantes,
313 567 484 623 venerunt:
507 565 614 623 audire
633 564 824 622 condiciones
838 579 873 619 ao
887 560 1014 617 reddero

77 660 224 736 parabat,
252 678 319 718 eum
344 663 515 737 praecipites
540 663 748 738 exploratores
772 660 876 718 adesse
897 659 1014 716 hostem

79 759 276 817 nuntiavere.
301 760 495 835 Interruptus
510 763 702 819 tribunorum
718 777 830 826 sermo,
854 774 948 830 eoque
970 757 1014 813 in·

80 859 199 914 certum
214 857 273 914 fuit
288 858 416 917 insidias
430 877 469 917 an
484 859 686 934 proditionem
702 859 752 916 vel
772 856 893 931 aliquod
908 857 1014 913 hones-

79 959 147 1014 turn
159 957 319 1013 consilium
334 958 535 1032 coeptaverint
545 959 565 1016 ¹.
579 958 709 1025 Caecina,
723 956 856 1015 dimissis
867 954 1011 1020 tribunis,

80 1054 223 1110 revectus
238 1053 269 1108 in
284 1055 404 1111 castra²
424 1053 527 1111 datum
543 1053 631 1128 jussu
647 1054 734 1112 Fabii
751 1054 890 1113 Valentis
904 1069 1015 1127 pugnae

80 1153 203 1227 signum
219 1152 249 1208 et
264 1150 392 1207 militem
409 1153 439 1208 in
454 1152 548 1208 armis
565 1152 694 1209 invenit.
722 1151 801 1208 Dum
822 1149 957 1223 legiones
978 1147 1015 1204 de

80 1248 188 1305 ordine
224 1247 355 1322 agminis
390 1249 570 1316 sortiuntur,
606 1249 723 1322 equites
751 1265 933 1325 prorupere;
965 1247 1012 1313 et,

80 1345 192 1402 mirum
214 1345 314 1411 dictu,
342 1361 361 1402 a
380 1346 574 1420 paucioribus
590 1346 772 1403 Othonianis
794 1362 852 1419 quo
867 1345 967 1401 minus
984 1345 1014 1400 iu

79 1441 197 1500 vallum
210 1443 462 1517 impingerentur‚
476 1442 591 1500 Italicae
602 1442 733 1517 legionis
747 1444 863 1500 virtute
874 1442 1015 1499 deterriti

81 1541 190 1598 sunt³z
210 1557 246 1598 ea
260 1541 377 1599 strictis
392 1543 585 1598 mucronibus
606 1542 706 1607 redire
721 1542 823 1617 pulsos
838 1543 868 1598 et
883 1558 1016 1615 pugnam

80 1655 236 1696 resumere
267 1640 377 1714 coegit.
410 1640 566 1714 Disposita
596 1641 831 1698 Vitellianarum
863 1639 1016 1712 legionum

80 1736 164 1794 acies
175 1737 241 1793 sine
256 1736 475 1812 trepidatione;
493 1737 607 1793 etenim
622 1753 802 1810 quamquam
814 1736 915 1792 vicino
931 1735 1016 1791 hoste

80 1831 243 1906 adspectus
257 1848 410 1888 armorum
420 1832 522 1889 densis
533 1833 667 1890 arbustis
681 1833 910 1908 prohibebatur.
927 1832 1016 1908 Apud

82 1928 273 1986 Othonianos
300 1929 405 2003 pavidi
437 1927 544 1996 duces,
579 1930 667 1987 miles
701 1930 827 1987 ducibus
863 1929 1014 1997 infensus,

82 2026 182 2083 mixta
196 2023 337 2082 vehicula
351 2027 382 2082 et
396 2024 482 2094 lixae,
500 2027 531 2084 et
551 2028 731 2101 praeruptis⁴
754 2029 908 2102 utrimque
928 2029 1017 2085 fossis

80 2124 135 2182 via
153 2124 257 2197 quieto
272 2141 389 2198 quoque
410 2124 525 2198 agmini
547 2126 689 2198 angusta.
713 2125 944 2182 circumsistere
963 2124 1017 2182 alii

82 2223 172 2296 signa
200 2238 271 2290 sua,
303 2239 437 2295 quaerero
465 2222 536 2290 alii;
573 2223 708 2280 incertus
743 2222 876 2296 undique
904 2222 1018 2280 clamor

81 2321 325 2389 accurrentium,
356 2321 588 2390 volitantium53
617 2324 651 2378 ut
679 2321 787 2393 cuique
814 2319 944 2377 audacia
968 2319 1018 2376 vel

81 2416 226 2484 formido,
245 2417 276 2473 in
289 2417 417 2491 primam
432 2422 655 2493 postremamve
670 2419 765 2476 aciem
781 2417 1019 2492 prorumpebant

81 2518 137 2574 aut
158 2514 404 2575 relabebanturl.

124 2621 176 2679 42.
200 2621 356 2678 Attonitas
375 2621 475 2678 subito
489 2623 607 2679 terrore
622 2622 738 2680 mentes
750 2619 858 2678 falsum
874 2617 1017 2692 gaudium

84 2719 115 2775 in
138 2717 317 2792 languorem
339 2719 450 2786 vertit,
467 2719 598 2793 repertis
613 2719 664 2792 qui
681 2718 845 2776 descivisse
859 2733 878 2774 a
892 2713 1019 2774 Vitellio

82 2817 253 2874 exercitum
278 2817 509 2876 ementirentur.
537 2819 566 2875 Is
588 2835 691 2875 rumor
715 2817 753 2874 ab
774 2814 1019 2890 exploratoribus

82 2914 204 2974 Vitellii
221 2913 403 2988 dispersus¹‚
426 2931 464 2971 an
487 2914 518 2970 in
539 2916 605 2989 ipsa
625 2915 754 2972 Othonis
773 2914 861 2989 parte
883 2909 1018 2968 seudolo

118 3057 173 3098 ss.
204 3058 225 3099 1.
253 3051 287 3098 Le
310 3049 526 3114 plus-que-parlait
577 3047 649 3096 fonds
661 3048 793 3112 (esearpc's)
810 3049 879 3095 etant
896 3044 940 3093 dos
953 3045 1019 3094 deux

83 3123 228 3177 coeptasseut
243 3114 316 3164 serait
334 3116 460 3164 conforme
476 3115 526 3163 ala
576 3117 643 3162 cotes
655 3113 686 3162 de
699 3115 722 3162 la
734 3123 813 3162 route.

83 3181 152 3245 regie
163 3180 294 3246 classique.
608 3186 630 3227 5.
653 3179 813 3229 Volitontium
830 3175 883 3241 (qui
900 3194 925 3226 sc
942 3175 1019 3242 pre'ci-

118 3254 141 3296 2.
160 3247 263 3305 Castra,
279 3262 351 3311 camp
369 3245 526 3299 (1010111010-
575 3243 664 3307 pitens)
686 3258 787 3308 marquc
809 3244 833 3291 la
856 3243 913 3291 hate
935 3243 1020 3291 desor-

84 3327 167 3361 mone.
577 3309 684 3357 donnes.

118 3384 141 3426 3.
160 3377 523 3434 harmiscaramotsmor:
608 3381 630 3423 6.
649 3375 728 3439 Voyez
747 3389 810 3438 pour
829 3373 865 3420 les
884 3371 1018 3422 antitheses

85 3440 526 3506 ilsfurentempdchesdeselaisser
575 3439 735 3488 recherchtcs
760 3439 790 3487 do
819 3447 883 3488 cette
912 3438 1016 3502 phrase,

85 3505 176 3569 rejeler
189 3524 232 3555 sur
242 3509 278 3557 les
290 3505 508 3556 retranchenrents.
576 3520 612 3569 gr.
628 3505 659 3553 de
671 3505 727 3553 Tae.
743 3511 792 3552 185.

118 3580 142 3623 4.
160 3572 314 3644 Praeceptis,
328 3573 372 3622 des
384 3571 462 3622 sesses
471 3586 526 3639 pro·
610 3577 664 3620 n.
683 3579 704 3622 1.
718 3571 850 3634 Dispersus
862 3585 896 3619 sc.
910 3570 950 3618 sit.
