2346 3922
245 206 250 217 '
327 222 416 268 amna
437 223 470 268 11.
494 227 561 270 car.
586 196 719 272 92-9'5.
936 204 994 267 lca

55 356 231 415 Germaniae
245 357 332 416 miles
346 317 507 418 Valentem
521 360 742 428 mactabatur,
762 359 841 417 unde
862 357 994 433 primum

54 454 195 513 creditur
216 454 343 514 Caecinae
364 455 438 515 fldes
456 457 603 518 fluitasse.

97 571 150 635 921.
174 573 316 631 Ceterum
341 591 400 631 non
425 575 469 632 ita
493 575 619 633 ducibus
645 574 773 633 indulsit
793 572 938 634 Vitellius
960 573 994 629 ut

55 685 119 726 non
140 669 209 744 plus
224 669 316 728 militi
341 670 459 730 liceret.
487 672 553 746 Sibi
579 673 705 747 quisque
727 673 869 730 militiam
894 688 993 746 sump-

54 782 146 823 sere:
184 768 323 841 quamvis
359 767 519 842 indignus,
551 770 576 826 si
607 770 652 827 ita
680 770 844 837 maluerat,
871 768 995 826 urbanae

43 866 196 947 ¹militiael
222 868 468 938 adscribebatur;
492 885 598 928 rursus
620 871 707 928 bonis
737 886 893 927 remanere
915 871 997 926 inter

54 962 243 1038 legionarios
272 969 326 1025 aut
354 967 472 1025 alares²
504 967 679 1027 volentibus
708 969 899 1044 permissum.
931 967 996 1026 Nec

45 1058 185 1143 „deerant
199 1065 251 1139 qui
266 1065 396 1134 vellent,
420 1064 491 1124 lessi
507 1068 621 1126 morbis
643 1071 674 1126 et
696 1067 907 1142 intemperiem
930 1065 995 1123 caeli

47 1150 249 1231 incusante&
266 1161 377 1220 robora
391 1165 493 1220 tamen
509 1162 681 1237 legionibus
696 1164 812 1238 alisque
827 1163 994 1231 subtracta,

53 1248 237 1320 'convulsum
256 1262 444 1318 castrorum³
459 1260 567 1332 decus,
586 1262 700 1338 uiginti
723 1261 875 1320 millibus⁴
897 1264 995 1319 etcto

57 1349 195 1417 exercitu
215 1360 376 1434 permixtis
391 1360 489 1434 magis
503 1378 593 1435 quam
609 1361 725 1419 electis.

97 1457 302 1516 Contionante
312 1456 440 1518 Vitellio
452 1459 649 1532 postulantur
663 1459 700 1516 ad
716 1460 897 1535 supplicium
909 1458 995 1516 Asia·

48 1544 135 1628 [ticus
158 1557 190 1612 et
210 1538 325 1612 Flavus
340 1557 372 1612 et
386 1552 516 1613 Rufinus
532 1556 622 1614 duces
637 1556 822 1624 Galliarum,
840 1555 919 1630 quod
940 1570 995 1629 pro

56 1656 205 1716 Vindice⁵
234 1655 409 1715 bellassent.
436 1655 501 1714 Nec
526 1656 684 1715 coercebat
709 1656 775 1731 ejus
800 1657 880 1714 modi
906 1672 995 1714 voces

56 1740 202 1814 Vitellius
220 1776 226 1812 :
244 1771 336 1828 super
350 1754 473 1812 insitam
489 1755 590 1812 animo
609 1755 765 1828 ignaviam
781 1756 920 1812 conscius
935 1753 994 1810 sibi

58 1836 174 1912 instare
206 1852 384 1910 donativum
409 1855 440 1910 et
465 1852 566 1911 deesse
594 1854 768 1927 pecuniam,
797 1853 899 1909 omnia
933 1851 996 1910 alia

57 1951 149 2015 militi
179 1950 379 2024 largiebatur.
403 1950 541 2009 Liberti⁶
572 1950 745 2026 principum
773 1949 911 2008 conferre
939 1966 994 2024 pro

57 2066 183 2120 numero
199 2049 419 2124 mancipiorum
433 2050 628 2109 attributum
638 2049 734 2125 jussi:
754 2051 831 2125 ipse,
849 2048 914 2107 sola
928 2066 994 2123 pcr-

57 2146 147 2205 dendi
162 2162 250 2214 cura,
274 2145 394 2204 stabula
414 2148 531 2221 aurigis
546 2149 718 2215 exstruere,
744 2148 858 2204 circum
880 2145 993 2218 gladia·

57 2247 158 2303 torum
186 2242 378 2318 ferarumque
407 2245 587 2321 spectaculis
620 2246 757 2321 opplere,
781 2247 936 2319 tamquam
962 2245 993 2300 in

57 2358 173 2400 summa
187 2341 376 2400 abundantia
389 2342 526 2416 pecuniae
548 2341 706 2401 illudere⁷.

97 2452 149 2512 95.
174 2452 254 2519 Quin
269 2455 300 2510 et
311 2451 443 2510 natalem
453 2453 461 2487 ¹
473 2453 593 2511 Vitellii
608 2453 687 2511 diem
700 2454 820 2512 Caecina
833 2471 870 2512 ac
880 2453 993 2513 Valens

53 2549 149 2633 ,editis
177 2551 243 2608 tota
271 2545 346 2606 urbe
371 2549 499 2607 vicatim
530 2549 751 2623 gladiatoribus
781 2551 991 2619 celebravere,

57 2732 60 2736 .
89 2697 146 2739 Μ.
170 2697 191 2738 l.
212 2687 315 2740 Urbano
337 2690 442 2746 militia,
466 2689 501 2736 les
584 2698 605 2739 5.
625 2691 677 2740 Pro
698 2690 806 2740 Vindice.
830 2690 849 2739 ll
867 2688 938 2755 e'agit
959 2690 993 2739 du

57 2755 170 2807 cobortes
190 2753 221 2818 de
239 2754 263 2802 la
285 2752 355 2812 ville,
384 2753 501 2819 charge'es
551 2758 718 2806 soultvemcnt
741 2757 772 2804 dc
793 2755 888 2805 Vindex
909 2765 994 2803 contre

58 2821 89 2871 de
101 2823 125 2872 la
137 2818 229 2887 police.
551 2824 631 2872 Neron
644 2821 675 2886 (v.
690 2820 713 2878 l,
727 2828 753 2878 8,
769 2832 826 2869 note
838 2827 860 2868 8.

58 2950 62 2955 ,
75 2906 111 2948 t.
131 2898 220 2948 Alam
229 2911 260 2944 ou
271 2895 349 2944 alarii
356 2910 387 2942 ne
399 2893 501 2960 designo
584 2895 606 2936 6.
625 2887 727 2935 titali.
748 2888 794 2935 Les
806 2884 937 2935 alinanohis
949 2884 993 2932 des

58 2960 501 3027 pastacavalerieanaehe'etchaque
550 2949 991 3026 empereuianeronpnalta,otton,

58 3028 138 3093 legion
163 3029 264 3091 (equites
286 3025 411 3087 lepionis),
439 3025 501 3074 mais
550 3015 993 3072 devenusccuxdeVntellius,etaient

57 3091 211 3143 laeavalerie
223 3087 353 3140 auxiliaire
365 3105 397 3139 ou
416 3090 498 3140 allide.
551 3085 628 3131 restes
640 3081 749 3130 attache's
765 3098 796 3130 au
815 3080 902 3145 paleis.
925 3081 952 3129 V.
967 3081 991 3139 1,

88 3177 110 3218 8.
131 3167 291 3220 Castrorum.
315 3165 338 3213 le
362 3180 433 3230 camp
456 3166 500 3215 des
547 3155 593 3205 ‘⁴⁶⁹
607 3156 665 3196 ‘¹⁰¹0
679 3153 719 3225 ¹⁶2
755 3214 760 3224 ,
923 3208 928 3219 ,

59 3232 208 3296 mmm,
239 3245 333 3280 mmm
356 3234 445 3280 mm„
468 3246 500 3280 au
583 3221 605 3262 7.
624 3213 739 3260 Pecunia
751 3212 869 3285 alludere,
883 3225 909 3258 se
919 3225 993 3272 Jouer

60 3297 97 3346 cp,
110 3297 256 3362 prpcadem,
550 3278 582 3326 de
594 3278 709 3341 largent,
723 3276 746 3325 le
755 3286 828 3338 jeten.

87 3371 110 3411 4.
130 3362 201 3411 Seiae
223 3361 292 3411 mille
315 3361 453 3428 preteriens
476 3372 501 3410 et
582 3366 637 3407 θῶ.
657 3366 678 3406 l.
692 3359 806 3408 Natalem
815 3358 892 3415 diem,
904 3357 991 3406 lelou

60 3437 144 3491 quam
156 3425 224 3476 mille
235 3427 328 3477 soldats
339 3429 371 3478 de
383 3429 407 3478 la
416 3427 482 3476 ville.
549 3423 574 3474 lc
585 3431 614 3473 29
625 3433 688 3489 sept.

868 3523 896 3564 10
