2346 3922
338 316 428 358 urana
453 304 483 359 v'.
508 304 574 360 cnr.
602 274 733 360 i3-15.
953 294 1013 360 363
1064 279 1071 283 ⁴

51 455 54 458 ’
75 450 220 528 reparato
235 464 291 526 per
306 451 501 509 Germaniam
516 452 654 509 exercitu
670 450 769 527 apud²
784 440 898 509 Vetera
913 452 1015 507 castra

75 548 229 618 consedit,
247 548 333 605 tutus
347 548 427 619 loco,
446 545 477 606 et'
491 552 526 607 ut
540 549 686 607 memoria
702 564 915 623 prosperarum
931 547 1015 603 illic³

75 663 181 706 rerum
214 652 414 720 augescerent
443 649 642 706 barbarorum
670 648 776 706 animi.
810 647 939 705 Secutus
969 648 1015 703 est

75 745 180 804 eodem
196 745 343 814 Cerialis,
368 745 531 819 duplicatis
551 746 648 819 copiis
670 745 804 802 adventu
825 744 963 800 secundae
984 744 1015 799 et

75 845 171 902 sextae
196 847 227 902 et
252 848 370 919 quartae
396 843 520 901 decimae
545 842 719 918 legionum3
743 842 962 915 cohortesque⁴
984 843 1015 897 et

74 941 132 1001 alae
145 940 211 1016 jam
226 942 343 1016 pridem
358 944 465 1000 accitae
490 944 559 1017 post
574 943 738 999 victoriam
758 941 1012 1015 properaverant.

73 1039 193 1097 Neuter
208 1039 318 1096 ducum
337 1041 507 1107 cunctator,
532 1039 584 1097 sed
603 1039 728 1096 arcebat
749 1039 881 1097 latitudo
896 1055 1014 1113 campo-

73 1153 143 1195 rum
171 1141 278 1213 suopte
308 1138 451 1212 ingenio⁵
477 1137 685 1206 humentium
715 1137 875 1195 addiderat
905 1136 1014 1194 Civilis

74 1234 228 1310 obliquam
250 1235 281 1291 in
297 1236 440 1293 Rhenum
455 1234 595 1303 molem⁶‚
614 1232 700 1307 cujus
715 1233 836 1308 objectu
856 1232 1013 1291 revolutus

72 1331 191 1388 amnis⁷
213 1329 424 1405 adjacentibus
450 1332 734 1408 superfunderetur.
752 1335 796 1390 Ea
810 1332 869 1389 loci
882 1331 1010 1399 forma⁸,

72 1430 201 1487 incertis
219 1430 303 1488 vadis
321 1432 449 1489 subdola
470 1434 501 1489 et
522 1432 609 1489 nobis
629 1431 773 1499 adversm
798 1432 910 1504 quippe
925 1429 1014 1486 miles

71 1530 229 1587 Romanus
254 1530 348 1586 armis
369 1531 476 1605 gravis
497 1533 528 1588 et
554 1528 648 1587 nandi
669 1530 817 1604 pavidus,
845 1531 1013 1586 Germanos

70 1627 249 1685 fluminibus
274 1632 377 1687 suetos
395 1630 508 1688 levitas
527 1646 682 1686 armorum
704 1630 734 1685 et
753 1626 922 1703 proceritas
948 1643 1012 1684 cor-

72 1742 183 1802 porum
204 1728 350 1786 attollit9.

115 1835 164 1894 15.
189 1836 290 1911 Igitur
309 1837 530 1895 lacessentibus
544 1837 672 1894 Batavis
695 1835 885 1894 ferocissimo
904 1836 1013 1910 cuique

71 1937 247 1993 nostrorum
269 1941 400 2013 coeptum
420 1940 589 2004 certamen,
608 1935 715 1992 deinde
737 1938 805 1992 orta
828 1935 1010 2010 trepidatio,

71 2049 141 2089 cum
156 2033 292 2107 praealtis
307 2035 469 2109 paludibus
485 2049 586 2100 arma,
611 2034 681 2106 equi
705 2033 915 2090 haurirentur.
939 2033 1011 2089 Ger·

69 2130 156 2188 mani
185 2132 267 2189 notis
295 2131 400 2189 vadis¹
431 2131 658 2207 persultabant,
691 2131 803 2187 omissa
831 2129 1011 2205 plerumque

68 2229 172 2288 fronte
187 2228 286 2286 latera
307 2248 342 2287 ac
363 2233 452 2304 terga
473 2231 766 2298 circumvenientes,
795 2246 892 2302 neque
918 2230 952 2284 ut
979 2227 1011 2287 in

68 2325 205 2402 pedestri
228 2327 293 2384 acie
315 2329 483 2387 comminus
499 2327 637 2386 eminus¹
651 2328 839 2396 certabatur,
862 2326 914 2384 sed
935 2327 1011 2382 tam·

68 2443 161 2501 quam
188 2426 291 2485 navali
313 2446 431 2503 pugna,
460 2429 532 2503 vagi
559 2429 642 2485 inter
667 2426 764 2483 undas
789 2429 859 2493 aut,
885 2425 911 2481 si
937 2424 1010 2497 quid

68 2524 197 2583 stabile³
213 2526 403 2593 occurrebat,
417 2526 492 2583 totis
509 2525 573 2582 illic
585 2525 763 2599 corporibus
779 2525 927 2592 nitentes,
944 2523 1011 2580 vul·

69 2621 172 2679 nerati
188 2638 255 2677 cum
271 2621 419 2694 integrm,
444 2622 538 2697 periti
560 2620 653 2677 nandi
669 2639 737 2678 cum
759 2620 877 2694 ignaris
898 2620 930 2676 in
946 2637 1009 2676 mu-

22 2735 24 2738 ’
68 2723 155 2778 tuam
176 2719 343 2793 pernicicm
369 2718 636 2794 implicabantur⁴.
668 2719 772 2776 Minor
791 2721 895 2777 tamen
918 2735 1008 2792 quam

103 2860 126 2902 2.
146 2852 221 2916 Apud
238 2869 251 2902 a
265 2863 369 2903 souvent
381 2852 404 2902 lc
415 2869 471 2902 sens
486 2853 517 2902 de
599 2859 621 2901 8.
635 2853 693 2900 Loci
701 2851 1008 2915 sorma‚e'tatduterrain.

68 2922 98 2969 5⁷²
114 2919 147 2979 (V-
154 2934 196 3032 (E-
210 2918 242 2967 de
254 2920 311 2968 Tac·
332 2923 396 2983 ¹4⁰)²
419 2919 480 2967 dans
493 2920 516 2967 le
598 2940 621 2981 9.
640 2933 747 2990 attollit,
771 2933 807 2981 les
822 2932 952 2982 maintient
968 2949 1010 2983 au·

68 2999 142 3048 camp
175 2985 306 3063 ¹votem
499 3048 503 3058 ,
565 2997 781 3047 dessusdel'eau.

102 3058 124 3100 3.
137 3050 191 3099 Illac
203 3050 340 3098 determine
350 3049 373 3097 le
381 3048 518 3098 substantii
599 3086 615 3125 ¹
623 3086 652 3126 ὅ.
673 3086 693 3126 l.
711 3079 796 3135 Vadis,
812 3077 862 3126 abl·
874 3081 888 3126 ὲ
900 3080 923 3127 la
937 3096 1009 3145 ques,

67 3131 180 3168 avecson
193 3112 243 3177 adj.
257 3115 285 3163 V.
299 3129 335 3178 gr.
350 3115 381 3162 de
391 3115 448 3163 Tac.
464 3121 512 3161 101.

101 3191 124 3232 4.
144 3180 259 3242 Cobortcs
271 3182 379 3242 alaeque,
393 3196 414 3229 v.
429 3179 463 3228 111
473 3215 479 3237 ,
490 3187 512 3237 2,
564 3152 616 3192 ῙῙΟΠ
628 3159 690 3206 qua,
706 3160 732 3238 V'.
742 3160 778 3208 ΗΓ·
789 3144 821 3192 de
830 3145 888 3240 T.³⁰'
903 3152 939 3194 36.

67 3269 94 3301 n.
109 3256 150 3304 14,
164 3254 189 3293 et
201 3245 226 3301 l,
237 3252 279 3302 60,
293 3251 316 3292 9.
596 3234 617 3274 2.
638 3227 780 3276 Comminus
803 3244 913 3285 emanas,
933 3244 964 3276 on
978 3242 1009 3276 ne

100 3323 123 3363 5.
146 3312 238 3372 Suoptc
260 3312 370 3372 impertio,
404 3310 436 3359 de
459 3309 514 3358 leur
563 3306 589 3340 se
602 3291 689 3340 battait
702 3308 744 3355 pus
756 3292 788 3340 de
801 3297 856 3367 pres
869 3309 900 3341 ou
913 3293 944 3341 de
957 3293 1009 3341 loin

67 3389 169 3434 nature,
184 3376 413 3440 parelleampmeg,
562 3356 594 3405 de
614 3357 636 3404 la
660 3362 739 3406 meme
759 3362 867 3407 mamere
889 3357 962 3423 qu'cn
975 3375 1008 3407 un

101 3452 125 3493 6,
144 3440 342 3507 Molem‚digue,
519 3440 520 3444 ’
562 3421 792 3499 combatdoterrc.
871 3487 876 3496 θ

101 3518 124 3559 7,
144 3509 264 3568 Cujus-
276 3509 370 3562 amnis,
393 3505 417 3554 le
433 3505 512 3555 ΗΘΜ
595 3495 616 3536 3.
635 3487 741 3544 Stubalc,
759 3487 819 3535 fond
831 3487 919 3537 sohde.

67 3575 165 3631 reloule'
177 3581 272 3640 parcet
284 3571 402 3621 obstacle.
593 3576 617 3619 4.
631 3566 1018 3634 [replicaturumdeniaeaieux
