2346 3922
417 257 560 300 CORNELII
581 256 681 300 nnclrl
702 257 915 302 fflsrosmtum

192 240 261 299 306'

190 385 282 444 lianis
303 386 378 445 urbe
399 387 521 462 profugi
543 387 739 445 ostentabant
754 387 862 446 Pisoni
878 387 1043 446 nutantesi
1056 386 1119 446 dol:

189 484 263 553 lias,
285 489 424 560 paratam
444 486 655 554 Germaniam,
673 486 810 563 pericula
832 487 929 562 ipsius
949 489 981 544 et
1003 486 1035 544 in
1055 501 1119 562 pace
1165 496 1168 505 ·

189 585 328 658 suspecto
348 584 447 642 tutius
467 576 590 642 bellum.
615 584 701 641 Inter
721 602 788 658 quae
814 584 960 643 Claudius
987 584 1117 660 Sagitta,

188 680 348 756 praefectus
370 681 426 740 alae
448 683 633 752 Petrianaei,
658 700 804 758 prospera
829 683 1031 758 navigatione
1056 697 1121 758 pree

188 780 275 837 venit
290 781 450 855 Papirium
466 781 675 839 centurionem
694 798 713 838 a
728 782 872 839 Muciano
887 781 1033 848 missum,
1050 795 1120 837 asse·

187 879 367 952 veravitque
395 879 539 937 mandata
570 878 774 937 interficiendi
803 879 926 937 Pisonis
954 877 1120 937 centurioni

187 975 279 1033 data:
302 977 445 1035 cecidisse
471 976 687 1036 Galerianum⁷
713 977 929 1036 consobrinum
952 978 1019 1053 ejus
1041 994 1121 1052 genc-

189 1090 332 1147 rumque;
350 1091 441 1131 unam
457 1074 489 1131 in
501 1074 628 1132 audacia
644 1091 726 1149 spem
738 1073 857 1144 salutis,
875 1074 928 1132 sed
940 1074 1000 1133 duo
1016 1076 1122 1132 itinera

189 1171 336 1240 audendi,
359 1189 412 1229 seu
433 1172 537 1229 mallet
558 1172 664 1230 statim
683 1190 784 1241 arma,
810 1190 862 1230 seu
883 1173 984 1247 petita
998 1172 1123 1231 navibus

189 1269 290 1327 Gallia
318 1271 423 1328 ducem
455 1288 486 1329 se
517 1270 695 1331 Vitellianis
724 1271 911 1329 exercitibus
941 1271 1122 1331 ostenderet.

188 1367 276 1425 Nihil
291 1368 328 1426 ad
343 1386 379 1426 ea
393 1370 494 1426 moto⁸
510 1369 638 1437 Pisone,
659 1370 797 1427 centurio
818 1386 837 1426 a
857 1369 1002 1427 Muciano
1018 1370 1125 1427 missus

187 1465 221 1520 ut
237 1467 358 1539 portum
373 1465 576 1539 Karthaginis
588 1466 705 1540 attigit,
722 1481 834 1539 magna
845 1483 919 1523 voce
934 1466 1007 1523 laeta
1020 1465 1125 1524 Pisoni

188 1563 290 1620 omina
303 1565 458 1637 tamquam
474 1563 607 1638 principi
622 1549 831 1633 continuaret
850 1563 957 1620 obvios
973 1565 1004 1621 ct
1020 1563 1127 1621 subitae

187 1661 233 1718 rei
244 1661 390 1719 miraculo
402 1662 551 1720 attonitos
560 1662 593 1732 ¹⁰,
602 1665 636 1720 ut
643 1662 748 1720 eadem
759 1663 983 1737 adstreperent,
994 1663 1125 1720 hortari:

189 1758 306 1833 Vulgus
328 1759 483 1818 credulum
504 1777 593 1818 ruere
613 1761 644 1817 in
659 1760 774 1829 forum,
792 1761 989 1836 praesentiam
1004 1759 1128 1818 Pisonis

189 1875 367 1932 exposcere;
385 1859 495 1933 gaudio
516 1858 791 1932 clamoribusquell
812 1861 923 1918 cuncta
936 1858 1125 1926 miscebant,

189 1955 385 2029 indiligentia
404 1956 503 2013 veri¹²
524 1957 555 2013 ct
575 1954 720 2013 adulandi
742 1955 880 2015 libidine.
903 1957 994 2025 Piso,
1014 1956 1129 2014 indicio

189 2050 318 2124 Sagittae
333 2051 383 2110 vel
398 2052 492 2110 insita
505 2053 668 2121 modestia,
687 2071 747 2110 non
768 2054 799 2111 in
815 2052 969 2129 publicum
986 2071 1129 2128 egressus

188 2151 235 2206 est
259 2166 357 2224 neque
382 2168 414 2207 se
429 2151 544 2208 studiis
564 2151 650 2225 vulgi
672 2151 822 2227 permisit.
844 2153 1130 2228 centurionemque

189 2250 393 2321 percontatus
408 2253 568 2323 postquam
586 2249 747 2324 quaesitum
763 2250 821 2307 sibi
840 2251 955 2307 crimen
965 2251 988 2286 ¹³
1003 2252 1129 2310 caedem·

187 2361 244 2417 que
260 2346 421 2419 comperit,
436 2345 640 2404 animadverti
656 2346 688 2402 in
700 2364 768 2404 eum
777 2345 889 2421 jussit,
907 2347 988 2405 haud
1000 2350 1131 2423 perinde

188 2459 239 2516 spe
255 2423 328 2500 ritae
343 2461 433 2517 quam
449 2444 495 2501 ira
511 2444 542 2501 in
557 2462 776 2519 percussorem,
791 2445 870 2518 quod
882 2445 962 2502 idem
977 2464 1017 2504 ex
1032 2448 1127 2506 inter·

186 2544 351 2604 tectoribus
381 2545 478 2604 Clodii
506 2546 605 2605 Macri
615 2547 637 2581 ¹⁴
671 2549 813 2605 cruentas
848 2547 942 2623 legati
976 2549 1128 2624 sanguine

221 2702 243 2743 5.
263 2696 372 2755 Nature,
386 2696 525 2745 chanceler.

190 2817 193 2821 ‚
222 2767 243 2809 6.
262 2761 396 2811 Petriana.
412 2763 439 2812 V.
451 2762 471 2818 l,
485 2769 521 2817 70,
536 2771 594 2810 note
606 2769 628 2811 7.

188 2827 239 2875 Son
260 2828 433 2876 commendant
454 2826 549 2893 Sagitta
571 2825 631 2876 e'tait

188 2891 221 2940 du
235 2891 297 2955 parti
311 2892 437 2942 Vitellien.

715 2703 749 2744 10.
761 2696 883 2744 Mineruio
892 2699 1017 2755 attonitos,
1026 2695 1128 2764 lrappe's

681 2761 864 2810 d'elonncment
878 2777 923 2825 par
935 2762 1081 2827 l'etrangcte
1093 2764 1127 2813 du

681 2825 734 2875 fait.
756 2827 783 2875 V.
801 2843 850 2875 nne
869 2837 940 2886 autre
959 2827 1127 2893 signification

681 2892 712 2940 de
724 2894 847 2942 miraculo
859 2892 878 2950 l,
893 2899 930 2950 27,
940 2909 965 2940 n.
976 2899 999 2941 9.

222 2965 243 3005 7.
264 2957 439 3017 Galerianum,
452 2961 492 3007 tue
505 2973 550 3022 par
558 2957 631 3006 ordre

188 3022 219 3071 dc
232 3023 337 3072 Mucien.
350 3025 376 3072 V.
389 3024 428 3073 ch.
444 3032 479 3081 11,
491 3033 548 3073 note
558 3031 579 3072 7.

221 3095 243 3136 8.
262 3089 331 3138 Nihil
346 3091 380 3137 od
394 3106 423 3137 eu
441 3097 519 3147 moto,
539 3098 631 3137 restant

188 3153 323 3202 insensible
346 3158 359 3202 a
383 3171 423 3204 cos
451 3153 564 3203 consciis.
593 3153 632 3202 Ad

188 3219 285 3284 signilie
297 3218 329 3268 ici
341 3229 500 3333 proprement
511 3236 561 3282 pror
572 3235 631 3282 rop-

186 3285 286 3347 portd,
301 3302 322 3333 v.
337 3301 373 3350 gr.
403 3286 547 3335 cTac.138.

222 3357 243 3398 9.
271 3351 339 3399 Lato·
370 3353 454 3399 omino
485 3353 632 3399 continuere

189 3415 348 3476 (constructio
356 3432 499 3479 preparans,
515 3433 537 3464 v.
553 3432 588 3490 gr.
600 3415 631 3464 de

185 3481 241 3533 Tac.
262 3481 322 3550 183),
343 3480 470 3534 scuhaiter
489 3491 631 3531 sansmtcr·

173 3551 280 3619 ruption
295 3550 439 3606 d‘heurcux
452 3552 583 3620 presages.

715 2966 750 3006 11.
771 2957 868 3006 Gaudio
878 2959 1078 3022 clarioribuspue
1090 2970 1128 3010 cst

681 3040 714 3098 un
728 3022 863 3097 hendiadys
875 3023 906 3083 (v.
920 3039 956 3089 gr.
968 3024 999 3072 de
1011 3025 1039 3074 T.
1058 3026 1125 3091 177):

681 3104 729 3137 cns
738 3104 839 3154 joyeux.

715 3161 750 3202 12.
769 3155 928 3217 indiligentia
946 3155 1014 3211 ocri,
1032 3169 1079 3220 par
1093 3155 1128 3203 in-

681 3219 812 3268 souciance
824 3220 855 3272 de
867 3218 985 3268 lasciuire.

716 3292 750 3333 13.
778 3287 913 3346 Quasdam
940 3286 988 3333 sibi
1016 3287 1125 3344 embron,

682 3349 756 3414 qu'on
777 3349 840 3398 avait
858 3349 963 3404 cherche'
987 3359 1075 3400 contre
1092 3351 1127 3401 lui

682 3432 715 3463 un
729 3414 801 3464 motii
811 3415 986 3465 d'accusetion.

716 3488 750 3529 14.
770 3481 850 3531 Clodii
880 3482 972 3539 Macri,
1007 3483 1049 3530 lue
1082 3497 1127 3547 par

690 3545 1124 3604 ordrsuetubamam.reta.
