<?xml version="1.0" encoding="UTF-8"?>
<!DOCTYPE html PUBLIC "-//W3C//DTD XHTML 1.0 Transitional//EN"
    "http://www.w3.org/TR/xhtml1/DTD/xhtml1-transitional.dtd">
<html xmlns="http://www.w3.org/1999/xhtml" xml:lang="en" lang="en">
 <head>
  <title>
</title>
<meta http-equiv="Content-Type" content="text/html;charset=utf-8" />
  <meta name='ocr-system' content='tesseract 3.04.00' />
  <meta name='ocr-capabilities' content='ocr_page ocr_carea ocr_par ocr_line ocrx_word'/>
</head>
<body>
  <div class='ocr_page' id='page_1' title='image "./corneliitacitih00gantgoog_0071.png"; bbox 0 0 2346 3922; ppageno 0'>
   <div class='ocr_carea' id='block_1_1' title="bbox 114 228 832 286">
    <p class='ocr_par' dir='ltr' id='par_1_1' title="bbox 114 228 832 286">
     <span class='ocr_line' id='line_1_1' title="bbox 114 228 832 286; baseline -0.01 0"><span class='ocrx_word' id='word_1_1' title='bbox 114 228 154 286; x_wconf 82' lang='lat'>58</span> <span class='ocrx_word' id='word_1_2' title='bbox 333 242 476 284; x_wconf 79' lang='lat' dir='ltr'>coaunnn</span> <span class='ocrx_word' id='word_1_3' title='bbox 498 242 598 284; x_wconf 81' lang='lat' dir='ltr'>rncrrr</span> <span class='ocrx_word' id='word_1_4' title='bbox 619 240 832 282; x_wconf 79' lang='lat' dir='ltr'>nrsroamaunr</span> 
     </span>
    </p>
   </div>
   <div class='ocr_carea' id='block_1_2' title="bbox 112 368 1058 2408">
    <p class='ocr_par' dir='ltr' id='par_1_2' title="bbox 112 368 1057 1425">
     <span class='ocr_line' id='line_1_2' title="bbox 112 368 1052 448; baseline -0.006 -17"><span class='ocrx_word' id='word_1_5' title='bbox 112 375 154 432; x_wconf 91' lang='lat' dir='ltr'>At</span> <span class='ocrx_word' id='word_1_6' title='bbox 178 373 210 430; x_wconf 94' lang='lat' dir='ltr'>in</span> <span class='ocrx_word' id='word_1_7' title='bbox 236 371 392 447; x_wconf 82' lang='lat' dir='ltr'>superiore</span> <span class='ocrx_word' id='word_1_8' title='bbox 409 373 547 430; x_wconf 85' lang='lat' dir='ltr'>exercitu</span> <span class='ocrx_word' id='word_1_9' title='bbox 566 373 677 448; x_wconf 87' lang='lat' dir='ltr'>quarta</span> <span class='ocrx_word' id='word_1_10' title='bbox 696 389 731 429; x_wconf 93' lang='lat' dir='ltr'>ac</span> <span class='ocrx_word' id='word_1_11' title='bbox 753 369 992 428; x_wconf 86' lang='lat' dir='ltr'>duoetvicesima</span> <span class='ocrx_word' id='word_1_12' title='bbox 1012 368 1052 426; x_wconf 88' lang='lat' dir='ltr'>le-</span> 
     </span>
     <span class='ocr_line' id='line_1_3' title="bbox 113 468 1054 544; baseline -0.003 -17"><span class='ocrx_word' id='word_1_13' title='bbox 113 471 234 544; x_wconf 88' lang='lat' dir='ltr'>giones,</span> <span class='ocrx_word' id='word_1_14' title='bbox 262 469 357 527; x_wconf 89' lang='lat' dir='ltr'>isdem</span> <span class='ocrx_word' id='word_1_15' title='bbox 382 469 519 527; x_wconf 89' lang='lat' dir='ltr'>hibernis</span> <span class='ocrx_word' id='word_1_16' title='bbox 543 470 733 538; x_wconf 80' lang='lat' dir='ltr'>tendentcs⁴,</span> <span class='ocrx_word' id='word_1_17' title='bbox 761 469 827 543; x_wconf 92' lang='lat' dir='ltr'>ipso</span> <span class='ocrx_word' id='word_1_18' title='bbox 852 468 1054 525; x_wconf 88' lang='lat' dir='ltr'>kalendarum</span> 
     </span>
     <span class='ocr_line' id='line_1_4' title="bbox 112 567 1055 644; baseline -0.002 -17"><span class='ocrx_word' id='word_1_19' title='bbox 112 568 332 628; x_wconf 80' lang='lat' dir='ltr'>ianuariarum</span> <span class='ocrx_word' id='word_1_20' title='bbox 355 569 405 626; x_wconf 90' lang='lat' dir='ltr'>die</span> <span class='ocrx_word' id='word_1_21' title='bbox 425 569 604 644; x_wconf 91' lang='lat' dir='ltr'>dirumpunt</span> <span class='ocrx_word' id='word_1_22' title='bbox 626 568 776 644; x_wconf 79' lang='lat' dir='ltr'><strong>imagines</strong></span> <span class='ocrx_word' id='word_1_23' title='bbox 799 567 918 636; x_wconf 89' lang='lat' dir='ltr'>Galbae,</span> <span class='ocrx_word' id='word_1_24' title='bbox 942 569 1055 642; x_wconf 89' lang='lat' dir='ltr'>quarta</span> 
     </span>
     <span class='ocr_line' id='line_1_5' title="bbox 112 667 1053 743; baseline -0.001 -20"><span class='ocrx_word' id='word_1_25' title='bbox 112 667 192 741; x_wconf 92' lang='lat' dir='ltr'>legio</span> <span class='ocrx_word' id='word_1_26' title='bbox 214 667 399 743; x_wconf 76' lang='lat' dir='ltr'>promptiuS,</span> <span class='ocrx_word' id='word_1_27' title='bbox 423 667 662 725; x_wconf 89' lang='lat' dir='ltr'>duoetvicesima</span> <span class='ocrx_word' id='word_1_28' title='bbox 681 669 873 735; x_wconf 79' lang='lat' dir='ltr'>cunctanter,</span> <span class='ocrx_word' id='word_1_29' title='bbox 894 683 965 723; x_wconf 84' lang='lat' dir='ltr'>mox</span> <span class='ocrx_word' id='word_1_30' title='bbox 984 683 1053 723; x_wconf 92' lang='lat' dir='ltr'>oon-</span> 
     </span>
     <span class='ocr_line' id='line_1_6' title="bbox 113 763 1052 839; baseline -0.001 -18"><span class='ocrx_word' id='word_1_31' title='bbox 113 780 215 822; x_wconf 89' lang='lat' dir='ltr'>sensu.</span> <span class='ocrx_word' id='word_1_32' title='bbox 239 764 283 822; x_wconf 92' lang='lat' dir='ltr'>Ac</span> <span class='ocrx_word' id='word_1_33' title='bbox 302 780 341 820; x_wconf 90' lang='lat' dir='ltr'>ne</span> <span class='ocrx_word' id='word_1_34' title='bbox 359 765 565 821; x_wconf 87' lang='lat' dir='ltr'>reverentiam</span> <span class='ocrx_word' id='word_1_35' title='bbox 581 763 703 839; x_wconf 88' lang='lat' dir='ltr'>imperii</span> <span class='ocrx_word' id='word_1_36' title='bbox 725 781 836 822; x_wconf 84' lang='lat' dir='ltr'>exuere</span> <span class='ocrx_word' id='word_1_37' title='bbox 860 763 1052 831; x_wconf 88' lang='lat' dir='ltr'>viderentur,</span> 
     </span>
     <span class='ocr_line' id='line_1_7' title="bbox 114 858 1054 934; baseline -0.001 -18"><span class='ocrx_word' id='word_1_38' title='bbox 114 861 239 917; x_wconf 89' lang='lat' dir='ltr'>senatus</span> <span class='ocrx_word' id='word_1_39' title='bbox 257 858 422 934; x_wconf 86' lang='lat' dir='ltr'>populique</span> <span class='ocrx_word' id='word_1_40' title='bbox 440 859 583 917; x_wconf 89' lang='lat' dir='ltr'>Romani</span> <span class='ocrx_word' id='word_1_41' title='bbox 595 858 759 917; x_wconf 90' lang='lat' dir='ltr'>obliterata</span> <span class='ocrx_word' id='word_1_42' title='bbox 780 858 846 933; x_wconf 78' lang='lat' dir='ltr'>J&#39;am</span> <span class='ocrx_word' id='word_1_43' title='bbox 868 859 992 916; x_wconf 91' lang='lat' dir='ltr'>nomina</span> <span class='ocrx_word' id='word_1_44' title='bbox 1007 876 1054 916; x_wconf 90' lang='lat' dir='ltr'>sa-</span> 
     </span>
     <span class='ocr_line' id='line_1_8' title="bbox 114 956 1055 1031; baseline 0 -16"><span class='ocrx_word' id='word_1_45' title='bbox 114 960 268 1015; x_wconf 92' lang='lat' dir='ltr'>cramento</span> <span class='ocrx_word' id='word_1_46' title='bbox 293 958 500 1026; x_wconf 80' lang='lat' dir='ltr'>advocabant,</span> <span class='ocrx_word' id='word_1_47' title='bbox 525 957 608 1015; x_wconf 93' lang='lat' dir='ltr'>nullo</span> <span class='ocrx_word' id='word_1_48' title='bbox 623 956 795 1031; x_wconf 87' lang='lat' dir='ltr'>legatorum</span> <span class='ocrx_word' id='word_1_49' title='bbox 821 958 1055 1015; x_wconf 84' lang='lat' dir='ltr'>tribunorumve</span> 
     </span>
     <span class='ocr_line' id='line_1_9' title="bbox 114 1055 1054 1131; baseline 0 -18"><span class='ocrx_word' id='word_1_50' title='bbox 114 1073 169 1130; x_wconf 88' lang='lat' dir='ltr'>pro</span> <span class='ocrx_word' id='word_1_51' title='bbox 192 1055 289 1115; x_wconf 81' lang='lat' dir='ltr'>Galba</span> <span class='ocrx_word' id='word_1_52' title='bbox 310 1057 443 1124; x_wconf 82' lang='lat' dir='ltr'>nitente,</span> <span class='ocrx_word' id='word_1_53' title='bbox 462 1055 657 1131; x_wconf 87' lang='lat' dir='ltr'>quibusdam,</span> <span class='ocrx_word' id='word_1_54' title='bbox 685 1057 721 1112; x_wconf 93' lang='lat' dir='ltr'>ut</span> <span class='ocrx_word' id='word_1_55' title='bbox 740 1055 771 1112; x_wconf 92' lang='lat' dir='ltr'>in</span> <span class='ocrx_word' id='word_1_56' title='bbox 790 1056 940 1124; x_wconf 86' lang='lat' dir='ltr'>tumultu,</span> <span class='ocrx_word' id='word_1_57' title='bbox 968 1059 1054 1113; x_wconf 90' lang='lat' dir='ltr'>nota-</span> 
     </span>
     <span class='ocr_line' id='line_1_10' title="bbox 114 1154 1056 1228; baseline 0.001 -17"><span class='ocrx_word' id='word_1_58' title='bbox 114 1154 225 1212; x_wconf 78' lang='lat' dir='ltr'>bilius⁵</span> <span class='ocrx_word' id='word_1_59' title='bbox 246 1155 453 1214; x_wconf 80' lang='lat' dir='ltr'>turbantibus,</span> <span class='ocrx_word' id='word_1_60' title='bbox 478 1154 548 1212; x_wconf 92' lang='lat' dir='ltr'>Non</span> <span class='ocrx_word' id='word_1_61' title='bbox 570 1155 673 1212; x_wconf 88' lang='lat' dir='ltr'>tamen</span> <span class='ocrx_word' id='word_1_62' title='bbox 696 1154 856 1228; x_wconf 88' lang='lat' dir='ltr'>quisquam</span> <span class='ocrx_word' id='word_1_63' title='bbox 878 1155 911 1211; x_wconf 95' lang='lat' dir='ltr'>in</span> <span class='ocrx_word' id='word_1_64' title='bbox 932 1155 1056 1212; x_wconf 89' lang='lat' dir='ltr'>modum</span> 
     </span>
     <span class='ocr_line' id='line_1_11' title="bbox 115 1251 1057 1327; baseline 0.001 -18"><span class='ocrx_word' id='word_1_65' title='bbox 115 1252 266 1309; x_wconf 88' lang='lat' dir='ltr'>contionis</span> <span class='ocrx_word' id='word_1_66' title='bbox 291 1255 345 1310; x_wconf 90' lang='lat' dir='ltr'>aut</span> <span class='ocrx_word' id='word_1_67' title='bbox 370 1269 386 1309; x_wconf 90' lang='lat' dir='ltr'>e</span> <span class='ocrx_word' id='word_1_68' title='bbox 411 1252 555 1327; x_wconf 87' lang='lat' dir='ltr'>suggestu</span> <span class='ocrx_word' id='word_1_69' title='bbox 584 1251 719 1321; x_wconf 84' lang='lat' dir='ltr'>locutus;</span> <span class='ocrx_word' id='word_1_70' title='bbox 751 1268 848 1326; x_wconf 89' lang='lat' dir='ltr'>neque</span> <span class='ocrx_word' id='word_1_71' title='bbox 877 1253 960 1309; x_wconf 86' lang='lat' dir='ltr'>enim</span> <span class='ocrx_word' id='word_1_72' title='bbox 988 1256 1057 1310; x_wconf 91' lang='lat' dir='ltr'>erat</span> 
     </span>
     <span class='ocr_line' id='line_1_12' title="bbox 115 1349 537 1425; baseline 0.002 -19"><span class='ocrx_word' id='word_1_73' title='bbox 115 1350 214 1408; x_wconf 87' lang='lat' dir='ltr'>adhue</span> <span class='ocrx_word' id='word_1_74' title='bbox 234 1349 283 1407; x_wconf 92' lang='lat' dir='ltr'>cui</span> <span class='ocrx_word' id='word_1_75' title='bbox 302 1350 537 1425; x_wconf 80' lang='lat' dir='ltr'>imputaretur⁶:</span> 
     </span>
    </p>

    <p class='ocr_par' dir='ltr' id='par_1_3' title="bbox 116 1447 1058 2408">
     <span class='ocr_line' id='line_1_13' title="bbox 157 1447 1057 1523; baseline 0 -16"><span class='ocrx_word' id='word_1_76' title='bbox 157 1449 206 1507; x_wconf 78' lang='lat'>56.</span> <span class='ocrx_word' id='word_1_77' title='bbox 227 1449 389 1523; x_wconf 84' lang='lat' dir='ltr'>Spectator</span> <span class='ocrx_word' id='word_1_78' title='bbox 403 1448 515 1522; x_wconf 88' lang='lat' dir='ltr'>fiagitii</span> <span class='ocrx_word' id='word_1_79' title='bbox 530 1448 725 1506; x_wconf 85' lang='lat' dir='ltr'>Hordeonius</span> <span class='ocrx_word' id='word_1_80' title='bbox 740 1447 870 1507; x_wconf 83' lang='lat' dir='ltr'>Flaccus</span> <span class='ocrx_word' id='word_1_81' title='bbox 885 1449 1057 1507; x_wconf 89' lang='lat' dir='ltr'>consularis</span> 
     </span>
     <span class='ocr_line' id='line_1_14' title="bbox 116 1546 1058 1622; baseline 0.002 -18"><span class='ocrx_word' id='word_1_82' title='bbox 116 1546 237 1622; x_wconf 88' lang='lat' dir='ltr'>legatus</span> <span class='ocrx_word' id='word_1_83' title='bbox 258 1547 380 1616; x_wconf 91' lang='lat' dir='ltr'>aderat,</span> <span class='ocrx_word' id='word_1_84' title='bbox 399 1563 460 1604; x_wconf 92' lang='lat' dir='ltr'>non</span> <span class='ocrx_word' id='word_1_85' title='bbox 476 1563 667 1621; x_wconf 86' lang='lat' dir='ltr'>compescere</span> <span class='ocrx_word' id='word_1_86' title='bbox 681 1548 820 1616; x_wconf 91' lang='lat' dir='ltr'>ruentes,</span> <span class='ocrx_word' id='word_1_87' title='bbox 839 1565 900 1605; x_wconf 91' lang='lat' dir='ltr'>non</span> <span class='ocrx_word' id='word_1_88' title='bbox 921 1548 1058 1606; x_wconf 89' lang='lat' dir='ltr'>retinere</span> 
     </span>
     <span class='ocr_line' id='line_1_15' title="bbox 116 1644 1055 1721; baseline 0.002 -19"><span class='ocrx_word' id='word_1_89' title='bbox 116 1645 238 1714; x_wconf 91' lang='lat' dir='ltr'>dubios,</span> <span class='ocrx_word' id='word_1_90' title='bbox 262 1662 323 1702; x_wconf 93' lang='lat' dir='ltr'>non</span> <span class='ocrx_word' id='word_1_91' title='bbox 339 1645 493 1703; x_wconf 89' lang='lat' dir='ltr'>cohortari</span> <span class='ocrx_word' id='word_1_92' title='bbox 508 1644 604 1702; x_wconf 92' lang='lat' dir='ltr'>bonos</span> <span class='ocrx_word' id='word_1_93' title='bbox 623 1661 730 1714; x_wconf 89' lang='lat' dir='ltr'>ausus,</span> <span class='ocrx_word' id='word_1_94' title='bbox 755 1645 807 1703; x_wconf 89' lang='lat' dir='ltr'>sed</span> <span class='ocrx_word' id='word_1_95' title='bbox 829 1646 946 1720; x_wconf 91' lang='lat' dir='ltr'>segnis,</span> <span class='ocrx_word' id='word_1_96' title='bbox 970 1648 1055 1721; x_wconf 85' lang='lat' dir='ltr'>pavi-</span> 
     </span>
     <span class='ocr_line' id='line_1_16' title="bbox 117 1743 1055 1809; baseline 0.003 -9"><span class='ocrx_word' id='word_1_97' title='bbox 117 1743 173 1801; x_wconf 90' lang='lat' dir='ltr'>dus</span> <span class='ocrx_word' id='word_1_98' title='bbox 188 1746 219 1801; x_wconf 90' lang='lat' dir='ltr'>et</span> <span class='ocrx_word' id='word_1_99' title='bbox 234 1744 372 1802; x_wconf 88' lang='lat' dir='ltr'>socordia</span> <span class='ocrx_word' id='word_1_100' title='bbox 387 1744 561 1803; x_wconf 83' lang='lat' dir='ltr'>innocens¹.</span> <span class='ocrx_word' id='word_1_101' title='bbox 590 1745 729 1809; x_wconf 87' lang='lat' dir='ltr'>Quatuor</span> <span class='ocrx_word' id='word_1_102' title='bbox 743 1744 937 1802; x_wconf 87' lang='lat' dir='ltr'>centuriones</span> <span class='ocrx_word' id='word_1_103' title='bbox 952 1745 1055 1803; x_wconf 90' lang='lat' dir='ltr'>duoet-</span> 
     </span>
     <span class='ocr_line' id='line_1_17' title="bbox 117 1840 1054 1914; baseline 0.002 -16"><span class='ocrx_word' id='word_1_104' title='bbox 117 1841 270 1898; x_wconf 85' lang='lat' dir='ltr'>viccsimae</span> <span class='ocrx_word' id='word_1_105' title='bbox 284 1840 431 1914; x_wconf 81' lang='lat' dir='ltr'>legionis,</span> <span class='ocrx_word' id='word_1_106' title='bbox 446 1840 567 1903; x_wconf 89' lang='lat' dir='ltr'>Nonius</span> <span class='ocrx_word' id='word_1_107' title='bbox 581 1840 750 1914; x_wconf 88' lang='lat' dir='ltr'>Receptus,</span> <span class='ocrx_word' id='word_1_108' title='bbox 765 1841 916 1898; x_wconf 90' lang='lat' dir='ltr'>Donatius</span> <span class='ocrx_word' id='word_1_109' title='bbox 928 1841 1054 1911; x_wconf 89' lang='lat' dir='ltr'>Valens,</span> 
     </span>
     <span class='ocr_line' id='line_1_18' title="bbox 117 1930 1056 2014; baseline 0.002 -18"><span class='ocrx_word' id='word_1_110' title='bbox 117 1939 271 1997; x_wconf 86' lang='lat' dir='ltr'>Romilius</span> <span class='ocrx_word' id='word_1_111' title='bbox 286 1938 465 2008; x_wconf 84' lang='lat' dir='ltr'>Marcellus,</span> <span class='ocrx_word' id='word_1_112' title='bbox 481 1937 665 2011; x_wconf 88' lang='lat' dir='ltr'>Calpurnius</span> <span class='ocrx_word' id='word_1_113' title='bbox 680 1930 888 2014; x_wconf 87' lang='lat' dir='ltr'>Repentinus,</span> <span class='ocrx_word' id='word_1_114' title='bbox 906 1957 973 1997; x_wconf 91' lang='lat' dir='ltr'>cum</span> <span class='ocrx_word' id='word_1_115' title='bbox 988 1958 1056 2014; x_wconf 92' lang='lat' dir='ltr'>pro·</span> 
     </span>
     <span class='ocr_line' id='line_1_19' title="bbox 116 2037 1057 2113; baseline 0.001 -18"><span class='ocrx_word' id='word_1_116' title='bbox 116 2040 258 2112; x_wconf 87' lang='lat' dir='ltr'>tegerent</span> <span class='ocrx_word' id='word_1_117' title='bbox 286 2038 391 2096; x_wconf 85' lang='lat' dir='ltr'>Galbae</span> <span class='ocrx_word' id='word_1_118' title='bbox 421 2037 586 2111; x_wconf 84' lang='lat' dir='ltr'>imagines,</span> <span class='ocrx_word' id='word_1_119' title='bbox 624 2037 740 2111; x_wconf 88' lang='lat' dir='ltr'>impetu</span> <span class='ocrx_word' id='word_1_120' title='bbox 773 2037 907 2095; x_wconf 91' lang='lat' dir='ltr'>militum</span> <span class='ocrx_word' id='word_1_121' title='bbox 936 2038 1057 2113; x_wconf 87' lang='lat' dir='ltr'>abrepti</span> 
     </span>
     <span class='ocr_line' id='line_1_20' title="bbox 117 2134 1057 2211; baseline 0.002 -19"><span class='ocrx_word' id='word_1_122' title='bbox 117 2136 286 2211; x_wconf 78' lang='lat' dir='ltr'>vinctique,</span> <span class='ocrx_word' id='word_1_123' title='bbox 324 2136 390 2194; x_wconf 91' lang='lat' dir='ltr'>Nec</span> <span class='ocrx_word' id='word_1_124' title='bbox 419 2136 561 2210; x_wconf 88' lang='lat' dir='ltr'>cuiquam</span> <span class='ocrx_word' id='word_1_125' title='bbox 590 2134 672 2192; x_wconf 88' lang='lat' dir='ltr'>ultra</span> <span class='ocrx_word' id='word_1_126' title='bbox 707 2134 783 2193; x_wconf 87' lang='lat' dir='ltr'>fides</span> <span class='ocrx_word' id='word_1_127' title='bbox 818 2139 873 2192; x_wconf 88' lang='lat' dir='ltr'>aut</span> <span class='ocrx_word' id='word_1_128' title='bbox 911 2138 1057 2194; x_wconf 89' lang='lat' dir='ltr'>memoria</span> 
     </span>
     <span class='ocr_line' id='line_1_21' title="bbox 116 2233 1054 2309; baseline 0.004 -19"><span class='ocrx_word' id='word_1_129' title='bbox 116 2233 230 2309; x_wconf 88' lang='lat' dir='ltr'>prioris</span> <span class='ocrx_word' id='word_1_130' title='bbox 250 2234 447 2303; x_wconf 87' lang='lat' dir='ltr'>sacramenti,</span> <span class='ocrx_word' id='word_1_131' title='bbox 470 2234 537 2302; x_wconf 89' lang='lat' dir='ltr'>sed,</span> <span class='ocrx_word' id='word_1_132' title='bbox 556 2233 635 2308; x_wconf 91' lang='lat' dir='ltr'>quod</span> <span class='ocrx_word' id='word_1_133' title='bbox 657 2234 689 2290; x_wconf 91' lang='lat' dir='ltr'>in</span> <span class='ocrx_word' id='word_1_134' title='bbox 710 2233 911 2291; x_wconf 89' lang='lat' dir='ltr'>seditionibus</span> <span class='ocrx_word' id='word_1_135' title='bbox 927 2235 1054 2305; x_wconf 88' lang='lat' dir='ltr'>accidit,</span> 
     </span>
     <span class='ocr_line' id='line_1_22' title="bbox 119 2331 676 2408; baseline -0.002 -19"><span class='ocrx_word' id='word_1_136' title='bbox 119 2333 216 2390; x_wconf 79' lang='lat' dir='ltr'>unde²</span> <span class='ocrx_word' id='word_1_137' title='bbox 230 2332 332 2408; x_wconf 89' lang='lat' dir='ltr'>plures</span> <span class='ocrx_word' id='word_1_138' title='bbox 347 2335 436 2392; x_wconf 90' lang='lat' dir='ltr'>erant</span> <span class='ocrx_word' id='word_1_139' title='bbox 457 2348 560 2390; x_wconf 89' lang='lat' dir='ltr'>omnes</span> <span class='ocrx_word' id='word_1_140' title='bbox 580 2331 676 2389; x_wconf 86' lang='lat' dir='ltr'>inere.</span> 
     </span>
    </p>
   </div>
   <div class='ocr_carea' id='block_1_3' title="bbox 118 2433 1058 2904">
    <p class='ocr_par' dir='ltr' id='par_1_4' title="bbox 118 2433 1058 2904">
     <span class='ocr_line' id='line_1_23' title="bbox 159 2433 1056 2510; baseline 0 -16"><span class='ocrx_word' id='word_1_141' title='bbox 159 2435 258 2494; x_wconf 88' lang='lat' dir='ltr'>Nocte</span> <span class='ocrx_word' id='word_1_142' title='bbox 279 2452 346 2510; x_wconf 88' lang='lat' dir='ltr'>quae</span> <span class='ocrx_word' id='word_1_143' title='bbox 364 2434 513 2492; x_wconf 90' lang='lat' dir='ltr'>kalendas</span> <span class='ocrx_word' id='word_1_144' title='bbox 533 2433 699 2494; x_wconf 76' lang='lat' dir='ltr'>lanuarias</span> <span class='ocrx_word' id='word_1_145' title='bbox 721 2436 826 2492; x_wconf 88' lang='lat' dir='ltr'>secuta</span> <span class='ocrx_word' id='word_1_146' title='bbox 855 2437 902 2493; x_wconf 90' lang='lat' dir='ltr'>est</span> <span class='ocrx_word' id='word_1_147' title='bbox 927 2435 959 2492; x_wconf 92' lang='lat' dir='ltr'>in</span> <span class='ocrx_word' id='word_1_148' title='bbox 979 2436 1056 2494; x_wconf 92' lang='lat' dir='ltr'>colo-</span> 
     </span>
     <span class='ocr_line' id='line_1_24' title="bbox 119 2531 1056 2611; baseline 0.003 -21"><span class='ocrx_word' id='word_1_149' title='bbox 119 2533 200 2591; x_wconf 90' lang='lat' dir='ltr'>niam</span> <span class='ocrx_word' id='word_1_150' title='bbox 222 2533 497 2611; x_wconf 82' lang='lat' dir='ltr'>Agrippinensem³</span> <span class='ocrx_word' id='word_1_151' title='bbox 522 2531 668 2608; x_wconf 82' lang='lat' dir='ltr'>aquilifer</span> <span class='ocrx_word' id='word_1_152' title='bbox 692 2533 811 2605; x_wconf 89' lang='lat' dir='ltr'>quartae</span> <span class='ocrx_word' id='word_1_153' title='bbox 836 2532 967 2607; x_wconf 78' lang='lat' dir='ltr'>legionis</span> <span class='ocrx_word' id='word_1_154' title='bbox 986 2553 1056 2610; x_wconf 90' lang='lat' dir='ltr'>epu-</span> 
     </span>
     <span class='ocr_line' id='line_1_25' title="bbox 118 2629 1058 2706; baseline 0.002 -17"><span class='ocrx_word' id='word_1_155' title='bbox 118 2631 197 2690; x_wconf 87' lang='lat' dir='ltr'>lanti</span> <span class='ocrx_word' id='word_1_156' title='bbox 226 2632 353 2692; x_wconf 87' lang='lat' dir='ltr'>Vitellio</span> <span class='ocrx_word' id='word_1_157' title='bbox 389 2633 513 2691; x_wconf 88' lang='lat' dir='ltr'>nuntiat</span> <span class='ocrx_word' id='word_1_158' title='bbox 545 2632 686 2706; x_wconf 89' lang='lat' dir='ltr'>quartam</span> <span class='ocrx_word' id='word_1_159' title='bbox 722 2633 753 2687; x_wconf 89' lang='lat' dir='ltr'>et</span> <span class='ocrx_word' id='word_1_160' title='bbox 788 2629 1058 2692; x_wconf 87' lang='lat' dir='ltr'>duoetviccsimam</span> 
     </span>
     <span class='ocr_line' id='line_1_26' title="bbox 119 2728 1058 2805; baseline 0.004 -18"><span class='ocrx_word' id='word_1_161' title='bbox 119 2729 271 2805; x_wconf 90' lang='lat' dir='ltr'>legiones,</span> <span class='ocrx_word' id='word_1_162' title='bbox 293 2729 437 2805; x_wconf 87' lang='lat' dir='ltr'>projectis</span> <span class='ocrx_word' id='word_1_163' title='bbox 466 2729 571 2788; x_wconf 85' lang='lat' dir='ltr'>Galbae</span> <span class='ocrx_word' id='word_1_164' title='bbox 600 2728 803 2802; x_wconf 89' lang='lat' dir='ltr'>imaginibus,</span> <span class='ocrx_word' id='word_1_165' title='bbox 826 2731 858 2786; x_wconf 94' lang='lat' dir='ltr'>in</span> <span class='ocrx_word' id='word_1_166' title='bbox 879 2735 1002 2790; x_wconf 88' lang='lat' dir='ltr'>senatus</span> <span class='ocrx_word' id='word_1_167' title='bbox 1021 2751 1058 2791; x_wconf 91' lang='lat' dir='ltr'>ac</span> 
     </span>
     <span class='ocr_line' id='line_1_27' title="bbox 120 2827 1058 2904; baseline 0.005 -19"><span class='ocrx_word' id='word_1_168' title='bbox 120 2828 225 2904; x_wconf 90' lang='lat' dir='ltr'>populi</span> <span class='ocrx_word' id='word_1_169' title='bbox 246 2828 379 2886; x_wconf 91' lang='lat' dir='ltr'>Romani</span> <span class='ocrx_word' id='word_1_170' title='bbox 400 2828 495 2886; x_wconf 88' lang='lat' dir='ltr'>verba</span> <span class='ocrx_word' id='word_1_171' title='bbox 513 2827 644 2903; x_wconf 86' lang='lat' dir='ltr'>jurasse.</span> <span class='ocrx_word' id='word_1_172' title='bbox 669 2828 704 2885; x_wconf 88' lang='lat' dir='ltr'>ld</span> <span class='ocrx_word' id='word_1_173' title='bbox 727 2831 951 2887; x_wconf 88' lang='lat' dir='ltr'>sacramentum</span> <span class='ocrx_word' id='word_1_174' title='bbox 965 2831 1058 2890; x_wconf 93' lang='lat' dir='ltr'>inane</span> 
     </span>
    </p>
   </div>
   <div class='ocr_carea' id='block_1_4' title="bbox 119 2977 1058 3621">
    <p class='ocr_par' dir='ltr' id='par_1_5' title="bbox 119 2977 1057 3176">
     <span class='ocr_line' id='line_1_28' title="bbox 151 2977 1057 3045; baseline 0.004 -17"><span class='ocrx_word' id='word_1_175' title='bbox 151 2986 175 3030; x_wconf 82' lang='lat'>4.</span> <span class='ocrx_word' id='word_1_176' title='bbox 203 2980 334 3029; x_wconf 79' lang='lat' dir='ltr'>Tendeutcs</span> <span class='ocrx_word' id='word_1_177' title='bbox 354 2977 465 3045; x_wconf 86' lang='lat' dir='ltr'>(tendere</span> <span class='ocrx_word' id='word_1_178' title='bbox 483 2987 563 3028; x_wconf 83' lang='lat' dir='ltr'>tento·</span> <span class='ocrx_word' id='word_1_179' title='bbox 648 2985 701 3027; x_wconf 72' lang='lat' dir='ltr'>w.</span> <span class='ocrx_word' id='word_1_180' title='bbox 720 2985 740 3027; x_wconf 91' lang='lat'>1.</span> <span class='ocrx_word' id='word_1_181' title='bbox 755 2979 875 3028; x_wconf 81' lang='lat' dir='ltr'>Socordio</span> <span class='ocrx_word' id='word_1_182' title='bbox 886 2981 1014 3039; x_wconf 77' lang='lat' dir='ltr'>inconcus,</span> <span class='ocrx_word' id='word_1_183' title='bbox 1026 2998 1057 3032; x_wconf 89' lang='lat' dir='ltr'>nc</span> 
     </span>
     <span class='ocr_line' id='line_1_29' title="bbox 120 3043 1057 3110; baseline 0.003 -16"><span class='ocrx_word' id='word_1_184' title='bbox 120 3045 174 3108; x_wconf 85' lang='lat' dir='ltr'>ria),</span> <span class='ocrx_word' id='word_1_185' title='bbox 201 3046 346 3094; x_wconf 75' lang='lat' dir='ltr'>cantonncs.</span> <span class='ocrx_word' id='word_1_186' title='bbox 375 3045 441 3093; x_wconf 84' lang='lat' dir='ltr'>Elles</span> <span class='ocrx_word' id='word_1_187' title='bbox 467 3043 564 3093; x_wconf 82' lang='lat' dir='ltr'>avaient</span> <span class='ocrx_word' id='word_1_188' title='bbox 615 3043 703 3092; x_wconf 81' lang='lat' dir='ltr'>faisant</span> <span class='ocrx_word' id='word_1_189' title='bbox 714 3059 758 3108; x_wconf 84' lang='lat' dir='ltr'>pas</span> <span class='ocrx_word' id='word_1_190' title='bbox 776 3045 799 3092; x_wconf 89' lang='lat' dir='ltr'>le</span> <span class='ocrx_word' id='word_1_191' title='bbox 811 3046 860 3093; x_wconf 82' lang='lat' dir='ltr'>mal</span> <span class='ocrx_word' id='word_1_192' title='bbox 881 3061 925 3110; x_wconf 83' lang='lat' dir='ltr'>par</span> <span class='ocrx_word' id='word_1_193' title='bbox 944 3046 1007 3095; x_wconf 89' lang='lat' dir='ltr'>suitc</span> <span class='ocrx_word' id='word_1_194' title='bbox 1026 3049 1057 3097; x_wconf 92' lang='lat' dir='ltr'>dc</span> 
     </span>
     <span class='ocr_line' id='line_1_30' title="bbox 119 3109 815 3176; baseline 0 -18"><span class='ocrx_word' id='word_1_195' title='bbox 119 3109 563 3176; x_wconf 78' lang='lat' dir='ltr'>leursquartiersd&#39;hircrtllapencc.</span> <span class='ocrx_word' id='word_1_196' title='bbox 614 3109 815 3173; x_wconf 85' lang='lat' dir='ltr'>sonineapacite&#39;.</span> 
     </span>
    </p>

    <p class='ocr_par' dir='ltr' id='par_1_6' title="bbox 121 3175 1058 3371">
     <span class='ocr_line' id='line_1_31' title="bbox 153 3175 1056 3241; baseline 0.002 -17"><span class='ocrx_word' id='word_1_197' title='bbox 153 3184 174 3225; x_wconf 90' lang='lat'>5.</span> <span class='ocrx_word' id='word_1_198' title='bbox 192 3176 332 3226; x_wconf 78' lang='lat' dir='ltr'>Notabilius</span> <span class='ocrx_word' id='word_1_199' title='bbox 348 3175 520 3233; x_wconf 74' lang='lat' dir='ltr'>turbantibus,</span> <span class='ocrx_word' id='word_1_200' title='bbox 539 3191 564 3223; x_wconf 89' lang='lat' dir='ltr'>se</span> <span class='ocrx_word' id='word_1_201' title='bbox 647 3182 669 3223; x_wconf 80' lang='lat'>2.</span> <span class='ocrx_word' id='word_1_202' title='bbox 685 3176 753 3226; x_wconf 82' lang='lat' dir='ltr'>Unde</span> <span class='ocrx_word' id='word_1_203' title='bbox 760 3178 847 3236; x_wconf 81' lang='lat' dir='ltr'>plures</span> <span class='ocrx_word' id='word_1_204' title='bbox 857 3184 938 3234; x_wconf 82' lang='lat' dir='ltr'>erunt,</span> <span class='ocrx_word' id='word_1_205' title='bbox 950 3175 983 3224; x_wconf 91' lang='lat' dir='ltr'>du</span> <span class='ocrx_word' id='word_1_206' title='bbox 994 3177 1056 3241; x_wconf 79' lang='lat' dir='ltr'>parti</span> 
     </span>
     <span class='ocr_line' id='line_1_32' title="bbox 121 3240 1056 3306; baseline 0.002 -16"><span class='ocrx_word' id='word_1_207' title='bbox 121 3241 209 3290; x_wconf 80' lang='lat' dir='ltr'>faisant</span> <span class='ocrx_word' id='word_1_208' title='bbox 219 3256 285 3290; x_wconf 89' lang='lat' dir='ltr'>assez</span> <span class='ocrx_word' id='word_1_209' title='bbox 293 3256 436 3306; x_wconf 87' lang='lat' dir='ltr'>romarquer</span> <span class='ocrx_word' id='word_1_210' title='bbox 446 3257 490 3298; x_wconf 85' lang='lat' dir='ltr'>par</span> <span class='ocrx_word' id='word_1_211' title='bbox 499 3242 565 3290; x_wconf 89' lang='lat' dir='ltr'>lours</span> <span class='ocrx_word' id='word_1_212' title='bbox 614 3240 674 3290; x_wconf 92' lang='lat' dir='ltr'>dont</span> <span class='ocrx_word' id='word_1_213' title='bbox 689 3240 748 3289; x_wconf 86' lang='lat' dir='ltr'>e&#39;tait</span> <span class='ocrx_word' id='word_1_214' title='bbox 764 3241 787 3288; x_wconf 90' lang='lat' dir='ltr'>lo</span> <span class='ocrx_word' id='word_1_215' title='bbox 794 3240 850 3304; x_wconf 93' lang='lat' dir='ltr'>plns</span> <span class='ocrx_word' id='word_1_216' title='bbox 860 3242 936 3305; x_wconf 83' lang='lat' dir='ltr'>grand</span> <span class='ocrx_word' id='word_1_217' title='bbox 944 3243 1056 3292; x_wconf 79' lang='lat' dir='ltr'>nombre.</span> 
     </span>
     <span class='ocr_line' id='line_1_33' title="bbox 121 3305 1058 3371; baseline 0.001 -15"><span class='ocrx_word' id='word_1_218' title='bbox 121 3306 276 3356; x_wconf 75' lang='lat' dir='ltr'>excitatione.</span> <span class='ocrx_word' id='word_1_219' title='bbox 648 3313 669 3355; x_wconf 90' lang='lat'>3.</span> <span class='ocrx_word' id='word_1_220' title='bbox 689 3305 806 3371; x_wconf 86' lang='lat' dir='ltr'>Cologne.</span> <span class='ocrx_word' id='word_1_221' title='bbox 825 3306 894 3356; x_wconf 84' lang='lat' dir='ltr'>Cotto</span> <span class='ocrx_word' id='word_1_222' title='bbox 906 3307 1001 3356; x_wconf 90' lang='lat' dir='ltr'>colonio</span> <span class='ocrx_word' id='word_1_223' title='bbox 1020 3308 1058 3357; x_wconf 87' lang='lat' dir='ltr'>int</span> 
     </span>
    </p>

    <p class='ocr_par' dir='ltr' id='par_1_7' title="bbox 122 3370 1058 3621">
     <span class='ocr_line' id='line_1_34' title="bbox 154 3370 1058 3438; baseline 0.002 -17"><span class='ocrx_word' id='word_1_224' title='bbox 154 3379 177 3423; x_wconf 82' lang='lat'>6.</span> <span class='ocrx_word' id='word_1_225' title='bbox 197 3372 272 3438; x_wconf 83' lang='lat' dir='ltr'>Aqui</span> <span class='ocrx_word' id='word_1_226' title='bbox 285 3370 333 3422; x_wconf 89' lang='lat' dir='ltr'>l&#39;on</span> <span class='ocrx_word' id='word_1_227' title='bbox 346 3373 387 3421; x_wconf 77' lang='lat' dir='ltr'>orit</span> <span class='ocrx_word' id='word_1_228' title='bbox 399 3388 433 3437; x_wconf 89' lang='lat' dir='ltr'>pu</span> <span class='ocrx_word' id='word_1_229' title='bbox 446 3372 470 3420; x_wconf 93' lang='lat' dir='ltr'>le</span> <span class='ocrx_word' id='word_1_230' title='bbox 482 3380 566 3436; x_wconf 89' lang='lat' dir='ltr'>portcr</span> <span class='ocrx_word' id='word_1_231' title='bbox 615 3370 705 3420; x_wconf 85' lang='lat' dir='ltr'>fondo&#39;c</span> <span class='ocrx_word' id='word_1_232' title='bbox 728 3387 759 3419; x_wconf 91' lang='lat' dir='ltr'>cn</span> <span class='ocrx_word' id='word_1_233' title='bbox 783 3379 811 3420; x_wconf 81' lang='lat'>50</span> <span class='ocrx_word' id='word_1_234' title='bbox 833 3374 904 3435; x_wconf 76' lang='lat' dir='ltr'>apres</span> <span class='ocrx_word' id='word_1_235' title='bbox 926 3372 988 3422; x_wconf 84' lang='lat' dir='ltr'>J.-G.</span> <span class='ocrx_word' id='word_1_236' title='bbox 1013 3390 1058 3437; x_wconf 86' lang='lat' dir='ltr'>par</span> 
     </span>
     <span class='ocr_line' id='line_1_35' title="bbox 122 3435 1057 3504; baseline 0 -16"><span class='ocrx_word' id='word_1_237' title='bbox 122 3454 153 3488; x_wconf 88' lang='lat' dir='ltr'>en</span> <span class='ocrx_word' id='word_1_238' title='bbox 165 3448 262 3504; x_wconf 88' lang='lat' dir='ltr'>compte</span> <span class='ocrx_word' id='word_1_239' title='bbox 270 3461 304 3480; x_wconf 96' lang='lat'>=</span> <span class='ocrx_word' id='word_1_240' title='bbox 316 3441 405 3502; x_wconf 80' lang='lat' dir='ltr'>auprds</span> <span class='ocrx_word' id='word_1_241' title='bbox 417 3437 448 3486; x_wconf 93' lang='lat' dir='ltr'>de</span> <span class='ocrx_word' id='word_1_242' title='bbox 460 3437 503 3502; x_wconf 88' lang='lat' dir='ltr'>qui</span> <span class='ocrx_word' id='word_1_243' title='bbox 516 3436 565 3486; x_wconf 92' lang='lat' dir='ltr'>l&#39;on</span> <span class='ocrx_word' id='word_1_244' title='bbox 615 3435 760 3502; x_wconf 77' lang='lat' dir='ltr'>Agrippino,</span> <span class='ocrx_word' id='word_1_245' title='bbox 768 3436 818 3485; x_wconf 85' lang='lat' dir='ltr'>iilic</span> <span class='ocrx_word' id='word_1_246' title='bbox 827 3436 858 3484; x_wconf 91' lang='lat' dir='ltr'>de</span> <span class='ocrx_word' id='word_1_247' title='bbox 866 3437 1023 3487; x_wconf 86' lang='lat' dir='ltr'>Germanicus</span> <span class='ocrx_word' id='word_1_248' title='bbox 1033 3450 1057 3488; x_wconf 92' lang='lat' dir='ltr'>ot</span> 
     </span>
     <span class='ocr_line' id='line_1_36' title="bbox 123 3501 1022 3570; baseline 0.002 -18"><span class='ocrx_word' id='word_1_249' title='bbox 123 3507 164 3553; x_wconf 82' lang='lat' dir='ltr'>ebt</span> <span class='ocrx_word' id='word_1_250' title='bbox 176 3521 210 3570; x_wconf 93' lang='lat' dir='ltr'>pu</span> <span class='ocrx_word' id='word_1_251' title='bbox 222 3503 272 3554; x_wconf 88' lang='lat' dir='ltr'>s&#39;en</span> <span class='ocrx_word' id='word_1_252' title='bbox 285 3502 414 3569; x_wconf 76' lang='lat' dir='ltr'>pretaloir.</span> <span class='ocrx_word' id='word_1_253' title='bbox 428 3502 466 3553; x_wconf 83' lang='lat' dir='ltr'>Gi.</span> <span class='ocrx_word' id='word_1_254' title='bbox 478 3503 517 3553; x_wconf 91' lang='lat' dir='ltr'>ch.</span> <span class='ocrx_word' id='word_1_255' title='bbox 527 3509 563 3562; x_wconf 87' lang='lat'>38,</span> <span class='ocrx_word' id='word_1_256' title='bbox 616 3502 704 3551; x_wconf 85' lang='lat' dir='ltr'>lemme</span> <span class='ocrx_word' id='word_1_257' title='bbox 716 3502 747 3554; x_wconf 86' lang='lat' dir='ltr'>de</span> <span class='ocrx_word' id='word_1_258' title='bbox 763 3501 1022 3569; x_wconf 74' lang='lat' dir='ltr'>t&#39;empereurclaude.</span> 
     </span>
     <span class='ocr_line' id='line_1_37' title="bbox 122 3577 919 3621; baseline 0.003 -2"><span class='ocrx_word' id='word_1_259' title='bbox 122 3580 179 3620; x_wconf 89' lang='lat' dir='ltr'>note</span> <span class='ocrx_word' id='word_1_260' title='bbox 197 3578 218 3621; x_wconf 86' lang='lat'>5.</span> <span class='ocrx_word' id='word_1_261' title='bbox 911 3577 919 3587; x_wconf 83' lang='lat'><em>&#39;</em></span> 
     </span>
    </p>
   </div>
   <div class='ocr_carea' id='block_1_5' title="bbox 1095 382 1101 511">
    <p class='ocr_par' dir='ltr' id='par_1_8' title="bbox 1095 382 1101 511">
     <span class='ocr_line' id='line_1_38' title="bbox 1095 382 1101 447; baseline 0 0"><span class='ocrx_word' id='word_1_262' title='bbox 1095 382 1101 447; x_wconf 70' lang='lat' dir='ltr'>&#39;t</span> 
     </span>
     <span class='ocr_line' id='line_1_39' title="bbox 1097 472 1101 511; baseline 0 0"><span class='ocrx_word' id='word_1_263' title='bbox 1097 472 1101 511; x_wconf 81' lang='lat' dir='ltr'>i</span> 
     </span>
    </p>
   </div>
   <div class='ocr_carea' id='block_1_6' title="bbox 0 0 1188 3922">
    <p class='ocr_par' dir='ltr' id='par_1_9' title="bbox 0 0 1188 3922">
     <span class='ocr_line' id='line_1_40' title="bbox 0 0 1188 3922; baseline 0 0"><span class='ocrx_word' id='word_1_264' title='bbox 0 0 1188 3922; x_wconf 95' lang='lat' dir='ltr'> </span> 
     </span>
    </p>
   </div>
  </div>
 </body>
</html>
