2346 3922
146 238 187 297 78
364 255 508 300 coruum
528 257 629 302 rnc1r1
649 257 860 302 msuoureuuu

145 385 317 446 cohorteml
344 406 361 447 e
385 388 504 448 colonia
530 388 665 449 Ostiensi
690 389 723 448 in
748 389 854 448 urbem
879 388 974 450 acciri
996 389 1079 451 Otho

139 480 290 556 jusseram
313 488 467 546 armandae
488 486 554 563 ejus
574 503 647 546 cura
661 486 756 547 Vario
771 487 927 562 Crispino,
950 486 1078 547 tribuno

144 602 161 642 e
185 585 396 660 praetorianis,
424 587 505 648 data.
539 587 569 645 Is
597 604 656 663 quo
681 585 780 662 magis
804 588 938 645 vacuus²
962 586 1078 661 quietis

144 683 272 742 castris³
296 683 384 760 jussa
409 687 640 760 exsequeretur,
667 683 809 744 vehicula
833 683 968 744 cohortis
999 685 1076 743 inci·

142 781 245 857 piente
261 785 349 842 nocte
364 783 487 842 onerari
501 786 607 859 aperto
622 783 860 843 armamentario
870 782 969 859 jubet.
987 784 1076 844 Tem·

141 898 199 956 pus
214 883 246 940 in
262 883 478 958 suspicionem,
495 899 588 941 causa
602 883 634 941 in
649 882 776 951 crimen,
793 881 947 942 affectatio
961 882 1076 957 quietis

142 981 175 1038 in
195 981 361 1040 tumultum
379 981 510 1051 evaluit,
539 984 570 1040 et
588 982 656 1040 visa
681 982 763 1040 inter
783 981 967 1041 temulentos
987 998 1077 1040 arma

46 1125 48 1130 .
142 1079 315 1153 cupidinem
333 1080 382 1137 sui
396 1096 528 1140 movere.
555 1078 676 1138 Fremit
689 1077 777 1136 miles
797 1080 829 1137 et
846 1078 988 1139 tribunos
1005 1095 1074 1138 cen-

141 1178 337 1254 turionesque
355 1178 540 1254 proditionis
559 1178 680 1253 arguit,
698 1178 875 1253 tamquam*
887 1175 1014 1236 familia
1025 1191 1074 1234 se·

141 1278 282 1334 natorum
297 1275 334 1333 ed
346 1276 511 1351 perniciem
524 1276 656 1335 Othonis
667 1277 871 1344 armarentur,
884 1292 957 1351 pars
971 1275 1074 1351 ignari

140 1376 171 1431 et
186 1374 258 1431 vino
273 1390 409 1448 graves,
420 1373 568 1448 pessimus
583 1373 711 1449 quisque
725 1373 777 1431 in⁸
792 1373 981 1432 occasionem
996 1391 1073 1449 pree·

140 1459 261 1541 darum,
278 1473 403 1549 vulgae,
426 1475 461 1531 ut
480 1489 545 1531 mos
565 1475 626 1541 est,
648 1471 862 1548 cujuscumque
881 1475 981 1531 motus
999 1474 1073 1533 novi

139 1571 298 1647 cupidum;
315 1574 346 1630 et
361 1571 506 1646 obsequia
520 1568 679 1630 meliorum
694 1588 756 1629 nox
770 1571 950 1632 abstulerat.
968 1572 1072 1631 Resis-

138 1670 254 1726 tentem
269 1668 412 1727 seditioni
424 1668 580 1727 tribunum
595 1671 625 1728 et
640 1668 849 1728 severissimos
859 1669 1073 1739 centurionum

139 1766 340 1837 obtruncant;
371 1770 461 1842 rapta
488 1784 589 1836 arma,
621 1767 728 1826 nudati
759 1767 872 1842 gladii3
903 1768 1072 1828 insidentes

139 1867 225 1942 cquis
239 1867 345 1924 urbem
359 1883 395 1923 ac
410 1866 566 1925 Palatium
582 1868 702 1942 petunt.

124 1998 127 2003 ·
178 1973 229 2033 81.
260 1974 336 2032 Erat
365 1972 479 2032 Othoni
507 1972 642 2031 celebrel
677 1972 851 2030 convivium
885 1973 1072 2048 primoribus

137 2069 259 2128 feminis
270 2070 421 2145 virisque;
435 2070 488 2144 qui
502 2070 630 2144 trepidi,
643 2068 827 2128 fortuitusne
841 2069 975 2128 militum
985 2071 1071 2129 furor

136 2185 177 2226 an
192 2168 279 2226 dolus
293 2169 505 2243 imperatoris,
523 2185 646 2228 manere
661 2186 696 2227 ac
711 2168 895 2245 deprehendi
909 2186 949 2227 an
964 2170 1071 2247 fugere

136 2268 167 2324 et
181 2267 316 2342 dispergi
334 2266 535 2341 periculosius
548 2265 643 2336 foret,
661 2267 749 2326 modo
759 2267 963 2327 constantiam
977 2268 1071 2328 simu·

135 2363 215 2433 lare,
243 2365 330 2422 modo
351 2364 514 2423 formidine
529 2366 660 2441 detegi&
689 2367 780 2425 simul
798 2368 928 2427 Othonis
949 2368 1069 2428 vultum

136 2461 267 2531 intueri;
291 2463 384 2536 utque
404 2462 508 2520 evenit
527 2462 685 2523 inclinatis
703 2465 741 2523 ad
761 2465 965 2540 suspicionem
985 2482 1068 2525 men·

135 2558 232 2628 tibus,
251 2576 319 2616 cum
339 2560 463 2619 timeret
483 2561 578 2630 Otho,
602 2561 779 2625 timebatur.
807 2564 867 2622 Sed
886 2564 965 2622 haud
982 2581 1068 2643 secps

135 2656 312 2715 discrimine
340 2659 464 2715 senatus
492 2675 584 2732 quam
612 2676 665 2717 suo
694 2661 821 2719 territus
849 2663 881 2719 et
908 2660 1068 2736 praefectos
1133 2703 1136 2707 -

133 2755 272 2830 praetorii
286 2755 324 2814 ad
340 2756 526 2832 mitigandas
540 2756 673 2816 miiitum
694 2757 758 2817 iras
772 2759 876 2818 statim
891 2759 1019 2818 miserat
1037 2761 1070 2834 et

133 2853 219 2912 abire
244 2871 373 2930 propere
401 2871 504 2913 omnes
532 2874 549 2914 e
577 2856 720 2916 convivio
747 2857 852 2933 jussit.
891 2859 968 2917 Tum
992 2875 1066 2917 vero

168 3007 221 3050 0⁰.
242 3009 262 3050 l.
283 3002 419 3052 Cohortem.
439 3001 459 3051 Il
477 3018 492 3067 y
512 3002 576 3052 avait
624 3001 678 3054 sion
699 3019 778 3068 que...
798 3005 826 3055 V.
840 3004 880 3054 ch.
895 3012 935 3064 16,
957 3015 1015 3056 note
1028 3015 1064 3059 14.

133 3065 176 3117 des
184 3065 449 3132 cohortesdecitoyens
457 3068 573 3126 rumeins,
657 3077 678 3120 5.
697 3070 727 3118 Iu
739 3085 841 3134 marque
852 3071 876 3119 le
888 3070 933 3120 but
944 3071 975 3136 (v.
986 3089 1023 3138 gr.
1034 3073 1067 3123 de

133 3147 164 3179 ne
172 3129 261 3180 faisant
269 3131 348 3196 partie
360 3130 385 3180 ni
395 3131 469 3180 d'une
481 3133 572 3198 legion,
623 3135 651 3183 T.
661 3135 726 3199 148):
737 3150 801 3200 pour
809 3135 876 3185 avoir
885 3153 933 3186 une
940 3137 1065 3191 occasion.

132 3195 158 3245 ui
175 3195 233 3245 d'uu
252 3206 322 3246 autre
335 3213 407 3263 corps
419 3197 451 3246 de
463 3206 571 3263 troupes.
657 3207 710 3251 8¹.
739 3209 759 3250 1.
785 3201 881 3252 Celebre
909 3206 1063 3262 coavivium,

164 3269 187 3310 2.
214 3263 322 3320 Vacuus,
347 3279 404 3312 sans
426 3265 575 3329 preoccupa·
623 3266 872 3317 nombreusesoeiete
886 3267 917 3316 de
930 3268 1004 3321 table.
1020 3271 1066 3325 Co-

132 3325 204 3377 tions.
219 3327 258 3376 Gi.
270 3329 327 3392 Agr.
338 3327 381 3376 ch.
395 3336 432 3386 37,
446 3339 504 3378 note
517 3338 537 3380 1.
621 3332 687 3381 uere
705 3341 742 3383 est
753 3332 889 3382 determine
907 3349 952 3397 par
968 3338 1064 3399 primo·

146 3399 186 3465 Ι3.
206 3393 314 3451 Castris,
337 3409 407 3460 camp
426 3394 469 3443 des
492 3398 573 3459 preto·
621 3398 692 3447 ribus
708 3400 808 3463 feminis
825 3401 943 3461 virisque.

131 3473 206 3507 nens.
654 3471 675 3513 2.
695 3465 840 3514 Formidine
857 3466 946 3528 decepi,
966 3481 994 3515 se
1015 3475 1063 3517 tra-

164 3530 187 3574 4.
204 3524 352 3590 Tamquam,
366 3524 428 3577 dans
440 3524 464 3575 la
472 3541 572 3592 perflue·
621 3527 739 3581 hissaicut
750 3544 795 3595 par
806 3529 860 3579 leur
872 3538 975 3580 terrear.
