2346 3922
383 268 473 311 nmen
494 263 537 323 ιν.
561 261 627 310 cnr.
651 250 784 311 34-36.
998 240 1056 307 291

122 405 183 465 tur.
199 401 338 462 Primum
353 403 480 477 agmen³
495 401 652 460 securum⁴
669 391 811 467 incessit,
835 396 967 454 nondum
983 396 1058 454 satis

121 501 209 559 firmo
228 499 337 560 Civile.
362 498 421 563 Qui
440 497 493 556 ubi
514 515 636 557 rursum
661 498 769 555 missos
793 495 971 554 Novaesium
996 493 1056 551 fru-

120 601 308 658 mentatores
343 597 489 673 datasque
518 597 549 654 in
585 598 761 673 praesidium
796 595 936 653 cohortes
971 593 1057 651 velut

120 695 218 754 multa
231 713 305 771 pace
320 695 440 770 ingredi
455 695 583 770 accepit,
598 712 701 752 rarum
716 694 795 769 apud
811 694 899 767 signe
914 691 1054 759 militem,

119 813 206 853 arma
231 793 263 851 in
284 793 449 861 vehiculis,
477 793 602 849 cunctos
626 790 753 848 licentia
773 806 885 864 vagos,
909 787 1056 863 composi-

119 894 187 951 tus⁵
203 891 334 959 invadit,
352 889 518 966 praemissis
533 889 585 963 qui
600 889 709 963 pontes
724 888 755 944 et
770 888 890 945 viarum
905 886 1056 961 angusta⁶

119 989 299 1048 insiderent.
314 988 491 1061 Pugnatum
502 986 593 1060 longo
608 985 749 1060 agmine⁷
764 987 794 1043 et
810 986 927 1043 incerto
942 985 1053 1052 Marte,

119 1087 213 1145 donec
228 1087 370 1163 proelium
385 1103 446 1143 nox
461 1085 629 1145 dirimeret.
648 1085 795 1143 Cohortes
810 1085 978 1145 Geldubam
993 1102 1057 1159 per-

118 1203 237 1255 rexere,
252 1184 473 1252 manentibus⁸‚
483 1185 518 1242 ut
528 1183 661 1253 fuerant,
671 1183 791 1253 castris,
800 1200 866 1257 quae
877 1183 1055 1257 relictorum

119 1286 183 1353 illie
205 1286 339 1344 militum
358 1281 501 1360 praesidio
526 1281 722 1339 tenebantur.
746 1281 816 1340 Non
842 1283 909 1340 erat
930 1281 1055 1339 dubium

118 1385 313 1461 quantumin
335 1400 476 1458 regressu
498 1380 684 1440 discriminis
703 1380 875 1438 adeundum
896 1379 975 1437 foret
995 1378 1055 1436 fru-

118 1483 342 1542 mentatoribus
356 1482 475 1541 onustis
490 1480 707 1556 perculsisque.
725 1479 820 1538 Addit
834 1478 985 1537 exercitui
1000 1495 1053 1536 suo

117 1583 235 1643 Vocula
249 1582 334 1640 mille
348 1581 480 1640 delectos
499 1598 516 1638 e
538 1580 646 1656 quinta
661 1580 692 1657 et
707 1579 815 1654 quinta
829 1578 946 1636 decimu
960 1577 1052 1652 legio-

118 1681 209 1740 nibus
228 1680 327 1756 apud⁹
348 1680 463 1738 Vetera
484 1678 631 1747 obsessis,
660 1678 841 1736 indomitum
867 1677 996 1734 militem
1023 1678 1054 1735 et

118 1779 245 1838 ducibus
267 1777 429 1836 insensum.
454 1777 564 1835 Plures
586 1793 677 1851 quam
692 1774 813 1850 jussum
835 1778 902 1834 erat
924 1775 1053 1850 profecti

116 1875 218 1953 palam
244 1875 275 1932 in
300 1873 423 1949 agmine
451 1873 637 1942 fremebant,
670 1890 729 1930 non
756 1891 787 1932 se
817 1874 900 1933 ultra
924 1873 1050 1944 famem,

117 1972 245 2031 insidias
270 1972 441 2047 legatorum
472 1971 668 2030 toleraturos.
699 1973 741 2030 At
766 1969 818 2045 qui
843 1975 1054 2030 remanserant

117 2071 253 2129 desertos
291 2088 324 2128 se
356 2070 487 2128 abducta
519 2071 607 2144 parte
645 2068 800 2143 legionum
834 2070 1050 2143 querebantur.

116 2169 237 2244 Duplex
252 2169 324 2226 hinc
338 2167 465 2236 sediti0,
483 2167 554 2225 aliis
568 2167 785 2226 revocantibus
799 2167 963 2237 Voculam,
980 2167 1052 2225 eliis

116 2268 216 2326 redire
239 2267 270 2324 in
286 2268 388 2325 castra
401 2265 617 2324 abnuentibus.

160 2393 210 2453 36.
243 2391 371 2450 Interim
401 2391 511 2450 Civilis
539 2391 654 2450 Vetera
684 2391 899 2461 circumsedit;
935 2392 1051 2452 Vocula

116 2491 283 2552 Geldubam
311 2494 403 2566 atque
433 2491 502 2549 inde
528 2491 722 2550 Novaesium¹
753 2492 912 2550 concessit.
941 2490 1049 2550 Civilis

115 2589 198 2664 capit
219 2589 403 2657 Geldubam,
427 2606 499 2646 mox
520 2588 600 2646 haud
622 2588 728 2663 procul
749 2589 892 2648 Novaesio
914 2590 1048 2663 equestri

114 2685 223 2760 proelio
244 2702 388 2760 prospere
409 2684 551 2762 certavit.
581 2684 639 2742 Sed
665 2684 753 2743 miles
779 2687 918 2745 secundis
942 2686 1048 2745 adver-

114 2786 216 2859 sisque
241 2784 367 2859 perinde
396 2783 427 2840 in
456 2782 586 2840 exitium
614 2782 724 2841 ducum
749 2785 981 2846 accendebatur.
1009 2787 1049 2844 Et

114 2883 247 2942 adventu
283 2884 499 2958 quintanorum
529 2881 923 2960 quintadecimanorumque
950 2887 1048 2943 auctae

146 3047 168 3092 3.
188 3041 295 3106 Aqmen,
317 3041 413 3093 convoi.
603 3044 702 3095 struitcs
715 3049 729 3095 a
741 3055 831 3096 trauers
849 3047 885 3095 les
898 3048 1047 3112 marccages.

144 3116 167 3183 l.
187 3109 323 3168 Securum,
354 3126 410 3160 sans
435 3113 487 3161 etro
515 3109 552 3159 in·
637 3120 659 3160 7.
679 3112 760 3175 Lonpo
788 3115 898 3175 oqmine,
928 3128 970 3160 sur
998 3127 1048 3161 une

115 3176 207 3238 ane'tc'.
604 3178 696 3242 longue
708 3179 821 3227 colunne.

145 3247 167 3288 5.
188 3240 353 3303 compositae,
364 3257 395 3290 en
409 3240 458 3291 bon
471 3242 552 3292 ordre.
637 3250 659 3291 8.
671 3243 825 3292 Manentibus
834 3241 1000 3302 castriquch.
1009 3249 1046 3294 26.

145 3312 173 3378 6.Ι
190 3306 294 3355 Vlarum
306 3315 426 3369 acptum,
444 3308 555 3356 chemino
638 3315 660 3357 9.
681 3307 755 3370 Apud
763 3309 795 3372 (v.
806 3324 843 3373 gr.
854 3308 885 3356 de
897 3309 955 3357 Tac.
966 3314 977 3366 5
988 3309 1047 3368 140),

112 3372 206 3428 etrcns,
217 3387 311 3420 comme
321 3387 351 3420 on
360 3388 391 3420 en
400 3382 486 3422 trouve
494 3373 556 3422 dans
607 3373 649 3438 qui
660 3372 755 3422 avaient
765 3376 804 3423 ete'
813 3372 920 3438 assieges
929 3374 1046 3423 dVetera.

112 3453 145 3484 un
162 3452 220 3502 pays
238 3439 413 3502 mare'cageux,
436 3443 557 3503 peut-utre
641 3447 695 3488 ⁸⁰.
714 3447 735 3488 l.
753 3439 1047 3498 Novuaium,v.cl1.26,

113 3506 191 3552 meme
200 3502 244 3552 des
252 3502 383 3554 chausstes
392 3502 492 3554 circites
501 3519 558 3554 con·
608 3521 633 3553 n.
646 3511 660 3552 6
672 3513 696 3554 et
707 3510 730 3554 9.
