2346 3922
372 240 464 283 nmen
482 240 517 309 11.
540 240 606 283 cnr.
630 223 761 286 36-39.
989 223 1048 282 123

113 363 239 432 securas
263 390 335 449 opes
360 373 572 449 concupiscere
586 389 715 431 vacuum
732 371 820 440 fuir,
848 371 947 447 prime
968 370 1050 429 inter

113 474 220 547 patres
234 472 412 548 plebemque
425 472 593 530 certamina
606 488 757 530 exarsere.
775 471 865 530 Modo
879 471 1049 530 turbulenti

112 570 264 639 tribuni³,
282 569 369 628 modo
389 570 526 629 consules
547 571 722 646 praevalidi,
746 574 777 629 et
793 573 824 629 in
839 573 914 630 urbe
934 589 970 629 ac
984 571 1049 629 foro

113 671 308 728 tentamenta
335 669 472 727 civilium
500 668 665 737 bellorum,
692 687 762 727 mox
788 687 804 728 e
833 669 920 745 plebe
946 669 1050 727 intima

114 767 151 826 Ο.
175 767 292 826 Marius
316 768 348 825 et
373 768 519 826 nobilium
544 769 729 826 saevissimus
757 769 793 826 L.
821 767 907 825 Sulla
935 768 1049 825 victam

114 867 211 923 armis
238 864 412 923 libertatem
441 867 472 923 in
501 866 738 925 dominationem
766 867 937 924 verterunt.
974 867 1050 925 Post

115 978 192 1036 quos
204 962 258 1021 Cn.
268 962 430 1037 Pompeius
445 962 602 1031 occultior,
616 980 675 1019 non
687 962 810 1022 melior:
824 963 855 1020 et
868 963 1049 1037 numquam⁴

114 1062 223 1136 postea
247 1061 305 1118 nisi
330 1060 368 1118 de
389 1061 561 1136 principatu
578 1048 767 1135 quaesitum⁵.
794 1059 863 1117 Non
885 1058 1049 1118 discessere

115 1158 156 1215 ab
170 1158 264 1216 armis
284 1159 315 1215 in
335 1157 497 1216 Pharsalia
516 1174 552 1214 ac
574 1156 746 1232 Philippis⁶
766 1156 880 1212 civium
895 1154 1047 1230 legionen,

114 1256 228 1314 nedum
253 1255 382 1315 Othonis
406 1272 442 1313 ac
461 1254 581 1314 Vitellii
602 1255 755 1313 exercitus
784 1255 891 1329 sponte
919 1254 1049 1328 posituri

115 1352 230 1410 bellum
244 1351 377 1412 fuerint:
394 1353 497 1411 eadem
512 1353 581 1411 illos
592 1353 681 1411 deum
696 1354 758 1420 ira,
776 1352 880 1409 eadem
895 1352 1050 1408 hominum

114 1452 235 1521 rabies,
252 1453 364 1512 eaedem
389 1452 536 1512 scelerum
560 1469 659 1510 causae
684 1452 715 1509 in
740 1450 921 1509 discordiam
947 1466 1048 1524 egere.

115 1531 213 1609 Quod
231 1546 362 1623 singulis
390 1552 475 1609 velut
511 1552 621 1610 ictibus
655 1551 812 1609 transacta
847 1551 918 1607 sunt
953 1548 1049 1616 belle,

113 1643 243 1717 ignavia
261 1647 434 1723 principum
453 1648 567 1708 factum
588 1650 646 1707 est.
669 1647 729 1706 Sed
743 1665 791 1705 me
806 1649 943 1705 veterum
960 1663 1050 1704 novo·
1080 1711 1085 1719 ¹

112 1758 244 1817 rumque
271 1763 389 1804 morum
416 1748 589 1823 reputatio⁷
623 1747 744 1824 longius
772 1746 866 1806 tulit:
901 1764 980 1804 nunc
1012 1747 1049 1804 ad

114 1857 218 1899 rerum
238 1843 375 1903 ordinem
389 1847 490 1906 redeo.

157 1964 209 2022 39.
233 1964 373 2024 Profecto
387 1967 557 2026 Brixellum
571 1967 689 2026 Othone
705 1967 801 2023 honor
818 1965 940 2040 imperii
956 1982 1049 2040 penes

114 2061 273 2119 Titianum
301 2061 444 2132 fratrem,
472 2064 520 2121 vis
544 2080 579 2120 ac
607 2064 741 2138 potestas
770 2080 861 2138 penes
886 2063 1050 2122 Proculum

114 2158 325 2236 praefeotum¹;
343 2159 447 2220 Celsus
462 2162 492 2218 et
508 2159 672 2228 Paulinus,
690 2177 758 2216 cum
772 2160 935 2236 prudentia
946 2177 1049 2217 eorum

114 2275 203 2317 nemo
232 2261 380 2327 uteretur,
412 2260 496 2317 inani
526 2259 647 2317 nomine
681 2259 789 2317 ducum
818 2257 926 2315 eliense
954 2258 1050 2333 culpae

114 2357 399 2432 praetendebantur,
437 2357 554 2415 tribuni
590 2358 843 2431 centurionesque
881 2356 1047 2430 ambigui2,

115 2454 195 2528 quod
224 2456 335 2530 spretis
363 2455 540 2514 melioribus
574 2454 731 2512 deterrimi
767 2456 928 2523 valebant;
962 2456 1051 2513 miles

114 2551 228 2620 alacer,
252 2553 304 2626 qui
324 2554 425 2611 tamen
442 2552 529 2628 jussa
544 2553 652 2612 ducum
675 2555 873 2629 interpretari
895 2572 984 2628 quam
1000 2572 1049 2611 ex·

115 2651 203 2725 sequi
234 2650 350 2710 mallet.
384 2653 564 2710 Promoveri
599 2651 647 2711 ad.
666 2653 827 2727 quartum³
858 2670 876 2710 a
904 2652 1050 2711 Bedriaco

115 2750 219 2808 castra
242 2749 373 2824 placuit,
407 2750 481 2808 adeo
503 2751 660 2825 imperite,
695 2752 729 2807 ut
754 2767 934 2824 quamquam
955 2767 1051 2807 verno

149 2903 172 2945 2.
192 2896 230 2946 On
251 2894 288 2943 fut
306 2895 369 2946 libre
387 2896 417 2946 de
435 2894 561 2945 convoiter
610 2911 642 2944 on
655 2896 678 2943 la
691 2895 900 2960 toute-puissance
916 2896 974 2945 d'un
987 2897 1049 2947 seul.

116 2978 166 3011 une
178 2961 310 3026 puissance
328 2960 461 3011 desormais
477 2964 542 3010 stre.
642 2968 665 3009 θ.
684 2961 712 3008 V.
726 2961 751 3016 l,
765 2969 806 3018 50,
821 2970 878 3010 note
891 2968 912 3010 6.

148 3035 171 3078 3.
193 3026 557 3083 Totbuai.1)anslesAnn.lll,
643 3034 666 3078 7.
684 3026 829 3088 nepotatio,
847 3026 978 3085 reflexion,
996 3043 1053 3077 con·

116 3101 153 3151 27,
170 3091 254 3141 Tacite
265 3090 317 3139 dit:
335 3092 400 3142 Hinc
412 3091 518 3141 Grcccbi
538 3098 561 3140 ct
610 3089 754 3141 sideration.

115 3159 253 3208 Saturnini
263 3155 392 3221 (Apuleius
404 3156 561 3222 Saturninus)
644 3166 697 3206 80.
718 3165 737 3206 l.
753 3158 918 3221 Praefectum,
929 3157 1008 3222 presel
1017 3153 1052 3205 du

116 3224 261 3274 turbatores
270 3222 357 3284 plebis.
610 3222 727 3289 premite,
734 3223 812 3272 choisi
819 3238 864 3287 par
871 3224 906 3271 les
915 3223 1052 3287 pretorians

149 3297 171 3338 4.
185 3289 219 3338 Et
226 3304 363 3351 sumpsero
375 3303 438 3352 pour
446 3286 562 3352 l'exprcs-
611 3293 761 3338 crux-memes
780 3292 850 3352 apres
863 3289 885 3337 le
901 3298 1008 3338 meurtre
1020 3288 1051 3336 de

116 3355 171 3404 sion
183 3353 306 3418 classique
318 3370 362 3403 acc
372 3369 501 3417 uinquam.
612 3353 689 3405 Galba
701 3354 732 3418 (u.
747 3354 770 3410 l,
784 3355 830 3417 ⁴lb).

75 3472 80 3481 ,
152 3427 173 3470 5.
187 3421 338 3482 Quaesitum,
361 3419 378 3468 il
396 3420 434 3484 n’y
447 3428 489 3467 eut
505 3419 561 3482 plus
645 3427 667 3468 2.
686 3419 814 3482 Ambipui,
832 3435 882 3483 peu
894 3421 957 3468 stirs.
986 3449 987 3453 =

117 3484 149 3534 de
160 3486 223 3535 luite
239 3500 288 3554 que
305 3500 369 3554 pour
386 3485 409 3535 le
425 3487 556 3553 principat
639 3492 660 3535 3.
679 3487 814 3554 Quartum.
825 3487 853 3536 V.
861 3485 901 3535 ch.
912 3491 949 3546 al,
963 3491 1051 3536 notet.
