<?xml version="1.0" encoding="UTF-8"?>
<!DOCTYPE html PUBLIC "-//W3C//DTD XHTML 1.0 Transitional//EN"
    "http://www.w3.org/TR/xhtml1/DTD/xhtml1-transitional.dtd">
<html xmlns="http://www.w3.org/1999/xhtml" xml:lang="en" lang="en">
 <head>
  <title>
</title>
<meta http-equiv="Content-Type" content="text/html;charset=utf-8" />
  <meta name='ocr-system' content='tesseract 3.04.00' />
  <meta name='ocr-capabilities' content='ocr_page ocr_carea ocr_par ocr_line ocrx_word'/>
</head>
<body>
  <div class='ocr_page' id='page_1' title='image "./corneliitacitih00gantgoog_0105.png"; bbox 0 0 2346 3922; ppageno 0'>
   <div class='ocr_carea' id='block_1_1' title="bbox 127 213 894 295">
    <p class='ocr_par' dir='ltr' id='par_1_1' title="bbox 127 213 894 295">
     <span class='ocr_line' id='line_1_1' title="bbox 127 213 894 295; baseline 0.004 -18"><span class='ocrx_word' id='word_1_1' title='bbox 127 220 167 278; x_wconf 82' lang='lat'>92</span> <span class='ocrx_word' id='word_1_2' title='bbox 214 289 217 295; x_wconf 25' lang='lat'><em>¹</em></span> <span class='ocrx_word' id='word_1_3' title='bbox 341 236 483 279; x_wconf 66' lang='lat' dir='ltr'>coeman</span> <span class='ocrx_word' id='word_1_4' title='bbox 504 237 603 279; x_wconf 81' lang='lat' dir='ltr'>rnerur</span> <span class='ocrx_word' id='word_1_5' title='bbox 623 237 835 280; x_wconf 80' lang='lat' dir='ltr'>nrsronruauru</span> <span class='ocrx_word' id='word_1_6' title='bbox 892 213 894 217; x_wconf 33' lang='lat'><strong>¹</strong></span> 
     </span>
    </p>
   </div>
   <div class='ocr_carea' id='block_1_2' title="bbox 64 366 1060 2701">
    <p class='ocr_par' dir='ltr' id='par_1_2' title="bbox 64 366 1060 2701">
     <span class='ocr_line' id='line_1_2' title="bbox 168 366 1060 444; baseline 0.004 -20"><span class='ocrx_word' id='word_1_7' title='bbox 168 367 196 427; x_wconf 92' lang='lat'>1.</span> <span class='ocrx_word' id='word_1_8' title='bbox 223 367 368 426; x_wconf 73' lang='lat' dir='ltr'><strong>Struebat</strong></span> <span class='ocrx_word' id='word_1_9' title='bbox 377 366 444 444; x_wconf 86' lang='lat' dir='ltr'>jam</span> <span class='ocrx_word' id='word_1_10' title='bbox 458 367 582 426; x_wconf 84' lang='lat' dir='ltr'>fortuna</span> <span class='ocrx_word' id='word_1_11' title='bbox 597 367 629 426; x_wconf 91' lang='lat' dir='ltr'>in</span> <span class='ocrx_word' id='word_1_12' title='bbox 644 368 766 427; x_wconf 86' lang='lat' dir='ltr'>diversa</span> <span class='ocrx_word' id='word_1_13' title='bbox 781 369 886 444; x_wconf 84' lang='lat' dir='ltr'>parte¹</span> <span class='ocrx_word' id='word_1_14' title='bbox 906 370 1060 428; x_wconf 88' lang='lat' dir='ltr'>terrarum</span> 
     </span>
     <span class='ocr_line' id='line_1_3' title="bbox 125 464 1059 542; baseline 0.005 -21"><span class='ocrx_word' id='word_1_15' title='bbox 125 464 216 523; x_wconf 90' lang='lat' dir='ltr'>initia</span> <span class='ocrx_word' id='word_1_16' title='bbox 238 482 404 542; x_wconf 82' lang='lat' dir='ltr'>causasque</span> <span class='ocrx_word' id='word_1_17' title='bbox 419 468 547 542; x_wconf 90' lang='lat' dir='ltr'>imperio</span> <span class='ocrx_word' id='word_1_18' title='bbox 569 467 647 542; x_wconf 93' lang='lat' dir='ltr'>quod</span> <span class='ocrx_word' id='word_1_19' title='bbox 662 468 751 526; x_wconf 84' lang='lat' dir='ltr'>varia</span> <span class='ocrx_word' id='word_1_20' title='bbox 766 470 848 527; x_wconf 82' lang='lat' dir='ltr'>sorte</span> <span class='ocrx_word' id='word_1_21' title='bbox 868 469 993 527; x_wconf 74' lang='lat' dir='ltr'>laetum2</span> <span class='ocrx_word' id='word_1_22' title='bbox 1014 469 1059 526; x_wconf 87' lang='lat' dir='ltr'>rei</span> 
     </span>
     <span class='ocr_line' id='line_1_4' title="bbox 122 565 1060 644; baseline 0.002 -22"><span class='ocrx_word' id='word_1_23' title='bbox 122 565 251 639; x_wconf 89' lang='lat' dir='ltr'>publicae</span> <span class='ocrx_word' id='word_1_24' title='bbox 276 569 330 624; x_wconf 89' lang='lat' dir='ltr'>aut</span> <span class='ocrx_word' id='word_1_25' title='bbox 349 568 455 635; x_wconf 83' lang='lat' dir='ltr'>atrox,</span> <span class='ocrx_word' id='word_1_26' title='bbox 483 567 559 641; x_wconf 87' lang='lat' dir='ltr'>ipsis</span> <span class='ocrx_word' id='word_1_27' title='bbox 579 567 771 642; x_wconf 88' lang='lat' dir='ltr'>principibus</span> <span class='ocrx_word' id='word_1_28' title='bbox 790 584 969 644; x_wconf 90' lang='lat' dir='ltr'>prosperum</span> <span class='ocrx_word' id='word_1_29' title='bbox 990 566 1060 626; x_wconf 73' lang='lat' dir='ltr'>vel³</span> 
     </span>
     <span class='ocr_line' id='line_1_5' title="bbox 122 664 1059 740; baseline 0.003 -20"><span class='ocrx_word' id='word_1_30' title='bbox 122 664 235 722; x_wconf 79' lang='lat' dir='ltr'>exitio⁴</span> <span class='ocrx_word' id='word_1_31' title='bbox 247 664 316 724; x_wconf 87' lang='lat' dir='ltr'>fuit.</span> <span class='ocrx_word' id='word_1_32' title='bbox 331 665 420 724; x_wconf 86' lang='lat' dir='ltr'>Titus</span> <span class='ocrx_word' id='word_1_33' title='bbox 432 665 639 740; x_wconf 78' lang='lat' dir='ltr'>Vespasianus</span> <span class='ocrx_word' id='word_1_34' title='bbox 654 684 670 723; x_wconf 89' lang='lat' dir='ltr'>e</span> <span class='ocrx_word' id='word_1_35' title='bbox 685 667 703 725; x_wconf 87' lang='lat' dir='ltr'><strong>J</strong></span> <span class='ocrx_word' id='word_1_36' title='bbox 705 665 792 723; x_wconf 88' lang='lat' dir='ltr'>udaea</span> <span class='ocrx_word' id='word_1_37' title='bbox 803 666 948 724; x_wconf 90' lang='lat' dir='ltr'>incolumi</span> <span class='ocrx_word' id='word_1_38' title='bbox 960 664 1059 724; x_wconf 87' lang='lat' dir='ltr'>adhuc</span> 
     </span>
     <span class='ocr_line' id='line_1_6' title="bbox 123 761 1059 838; baseline 0 -17"><span class='ocrx_word' id='word_1_39' title='bbox 123 761 221 821; x_wconf 80' lang='lat' dir='ltr'>Galba</span> <span class='ocrx_word' id='word_1_40' title='bbox 235 763 346 820; x_wconf 89' lang='lat' dir='ltr'>missus</span> <span class='ocrx_word' id='word_1_41' title='bbox 361 781 379 820; x_wconf 93' lang='lat' dir='ltr'>a</span> <span class='ocrx_word' id='word_1_42' title='bbox 393 766 481 838; x_wconf 88' lang='lat' dir='ltr'>patre</span> <span class='ocrx_word' id='word_1_43' title='bbox 493 780 615 821; x_wconf 87' lang='lat' dir='ltr'>causam</span> <span class='ocrx_word' id='word_1_44' title='bbox 630 762 828 838; x_wconf 80' lang='lat' dir='ltr'>profectionis</span> <span class='ocrx_word' id='word_1_45' title='bbox 839 762 971 822; x_wconf 87' lang='lat' dir='ltr'>officium</span> <span class='ocrx_word' id='word_1_46' title='bbox 985 779 1059 838; x_wconf 81' lang='lat' dir='ltr'>erge</span> 
     </span>
     <span class='ocr_line' id='line_1_7' title="bbox 122 858 1058 935; baseline 0.003 -20"><span class='ocrx_word' id='word_1_47' title='bbox 122 859 292 933; x_wconf 87' lang='lat' dir='ltr'>prinoipem</span> <span class='ocrx_word' id='word_1_48' title='bbox 317 861 348 917; x_wconf 91' lang='lat' dir='ltr'>et</span> <span class='ocrx_word' id='word_1_49' title='bbox 372 863 524 918; x_wconf 89' lang='lat' dir='ltr'>maturam</span> <span class='ocrx_word' id='word_1_50' title='bbox 549 861 687 935; x_wconf 87' lang='lat' dir='ltr'>petendis</span> <span class='ocrx_word' id='word_1_51' title='bbox 709 860 875 918; x_wconf 85' lang='lat' dir='ltr'>honoribus</span> <span class='ocrx_word' id='word_1_52' title='bbox 895 858 1058 935; x_wconf 87' lang='lat' dir='ltr'>juventam</span> 
     </span>
     <span class='ocr_line' id='line_1_8' title="bbox 123 956 1056 1034; baseline 0 -19"><span class='ocrx_word' id='word_1_53' title='bbox 123 956 254 1026; x_wconf 87' lang='lat' dir='ltr'>ferebat,</span> <span class='ocrx_word' id='word_1_54' title='bbox 277 958 328 1015; x_wconf 87' lang='lat' dir='ltr'>sed</span> <span class='ocrx_word' id='word_1_55' title='bbox 343 957 454 1034; x_wconf 84' lang='lat' dir='ltr'>vulgus</span> <span class='ocrx_word' id='word_1_56' title='bbox 474 958 609 1032; x_wconf 84' lang='lat' dir='ltr'>fingendi</span> <span class='ocrx_word' id='word_1_57' title='bbox 628 958 753 1016; x_wconf 86' lang='lat' dir='ltr'>avidum</span> <span class='ocrx_word' id='word_1_58' title='bbox 773 958 960 1034; x_wconf 88' lang='lat' dir='ltr'>disperserat</span> <span class='ocrx_word' id='word_1_59' title='bbox 979 958 1056 1016; x_wconf 89' lang='lat' dir='ltr'>acci·</span> 
     </span>
     <span class='ocr_line' id='line_1_9' title="bbox 123 1041 1059 1129; baseline 0.002 -18"><span class='ocrx_word' id='word_1_60' title='bbox 123 1057 189 1112; x_wconf 89' lang='lat' dir='ltr'>tum</span> <span class='ocrx_word' id='word_1_61' title='bbox 217 1055 250 1111; x_wconf 92' lang='lat' dir='ltr'>iu</span> <span class='ocrx_word' id='word_1_62' title='bbox 275 1054 478 1129; x_wconf 89' lang='lat' dir='ltr'>adoptionem.</span> <span class='ocrx_word' id='word_1_63' title='bbox 511 1055 644 1114; x_wconf 87' lang='lat' dir='ltr'>Materia</span> <span class='ocrx_word' id='word_1_64' title='bbox 669 1041 858 1112; x_wconf 76' lang='lat' dir='ltr'>sermonibus</span> <span class='ocrx_word' id='word_1_65' title='bbox 883 1055 1002 1112; x_wconf 91' lang='lat' dir='ltr'>senium</span> <span class='ocrx_word' id='word_1_66' title='bbox 1028 1057 1059 1113; x_wconf 88' lang='lat' dir='ltr'>et</span> 
     </span>
     <span class='ocr_line' id='line_1_10' title="bbox 123 1152 1058 1228; baseline 0.001 -19"><span class='ocrx_word' id='word_1_67' title='bbox 123 1152 238 1210; x_wconf 88' lang='lat' dir='ltr'>orbitas</span> <span class='ocrx_word' id='word_1_68' title='bbox 263 1153 411 1228; x_wconf 89' lang='lat' dir='ltr'>principis</span> <span class='ocrx_word' id='word_1_69' title='bbox 436 1156 467 1211; x_wconf 95' lang='lat' dir='ltr'>et</span> <span class='ocrx_word' id='word_1_70' title='bbox 496 1153 752 1228; x_wconf 83' lang='lat' dir='ltr'>intemperantia⁵</span> <span class='ocrx_word' id='word_1_71' title='bbox 777 1153 930 1222; x_wconf 85' lang='lat' dir='ltr'>civitatis,</span> <span class='ocrx_word' id='word_1_72' title='bbox 962 1152 1058 1210; x_wconf 86' lang='lat' dir='ltr'>donec</span> 
     </span>
     <span class='ocr_line' id='line_1_11' title="bbox 122 1249 1057 1327; baseline 0.003 -20"><span class='ocrx_word' id='word_1_73' title='bbox 122 1267 200 1308; x_wconf 92' lang='lat' dir='ltr'>uuus</span> <span class='ocrx_word' id='word_1_74' title='bbox 229 1251 373 1327; x_wconf 80' lang='lat' dir='ltr'>eligetur,</span> <span class='ocrx_word' id='word_1_75' title='bbox 404 1251 515 1310; x_wconf 90' lang='lat' dir='ltr'>multos</span> <span class='ocrx_word' id='word_1_76' title='bbox 545 1251 729 1310; x_wconf 88' lang='lat' dir='ltr'>destinandi.</span> <span class='ocrx_word' id='word_1_77' title='bbox 771 1251 912 1324; x_wconf 77' lang='lat' dir='ltr'>Augebat</span> <span class='ocrx_word' id='word_1_78' title='bbox 944 1249 1057 1310; x_wconf 85' lang='lat' dir='ltr'>famam</span> 
     </span>
     <span class='ocr_line' id='line_1_12' title="bbox 122 1349 1054 1426; baseline 0 -20"><span class='ocrx_word' id='word_1_79' title='bbox 122 1349 219 1424; x_wconf 87' lang='lat' dir='ltr'>ipsius</span> <span class='ocrx_word' id='word_1_80' title='bbox 238 1351 302 1409; x_wconf 83' lang='lat' dir='ltr'>Titi</span> <span class='ocrx_word' id='word_1_81' title='bbox 328 1351 484 1424; x_wconf 81' lang='lat' dir='ltr'>ingenium</span> <span class='ocrx_word' id='word_1_82' title='bbox 510 1356 760 1426; x_wconf 82' lang='lat' dir='ltr'>quantaecumque</span> <span class='ocrx_word' id='word_1_83' title='bbox 784 1349 915 1407; x_wconf 78' lang='lat' dir='ltr'>fortunae</span> <span class='ocrx_word' id='word_1_84' title='bbox 939 1366 1054 1424; x_wconf 84' lang='lat' dir='ltr'>capax,</span> 
     </span>
     <span class='ocr_line' id='line_1_13' title="bbox 122 1447 1057 1524; baseline 0.001 -19"><span class='ocrx_word' id='word_1_85' title='bbox 122 1447 285 1507; x_wconf 88' lang='lat' dir='ltr'>decoreris</span> <span class='ocrx_word' id='word_1_86' title='bbox 300 1466 367 1506; x_wconf 90' lang='lat' dir='ltr'>cum</span> <span class='ocrx_word' id='word_1_87' title='bbox 379 1450 508 1524; x_wconf 92' lang='lat' dir='ltr'>quadam</span> <span class='ocrx_word' id='word_1_88' title='bbox 520 1448 694 1524; x_wconf 84' lang='lat' dir='ltr'>majestate,</span> <span class='ocrx_word' id='word_1_89' title='bbox 709 1465 862 1524; x_wconf 88' lang='lat' dir='ltr'>prosperae</span> <span class='ocrx_word' id='word_1_90' title='bbox 873 1449 1057 1523; x_wconf 85' lang='lat' dir='ltr'>Vespasiani</span> 
     </span>
     <span class='ocr_line' id='line_1_14' title="bbox 121 1547 1056 1623; baseline 0.001 -20"><span class='ocrx_word' id='word_1_91' title='bbox 121 1564 187 1616; x_wconf 88' lang='lat' dir='ltr'>res,</span> <span class='ocrx_word' id='word_1_92' title='bbox 215 1564 353 1623; x_wconf 84' lang='lat' dir='ltr'>praesaga</span> <span class='ocrx_word' id='word_1_93' title='bbox 381 1565 543 1622; x_wconf 89' lang='lat' dir='ltr'>responsa,</span> <span class='ocrx_word' id='word_1_94' title='bbox 572 1551 602 1607; x_wconf 89' lang='lat' dir='ltr'>et</span> <span class='ocrx_word' id='word_1_95' title='bbox 627 1547 784 1607; x_wconf 88' lang='lat' dir='ltr'>inclinatis</span> <span class='ocrx_word' id='word_1_96' title='bbox 810 1547 847 1605; x_wconf 89' lang='lat' dir='ltr'>ad</span> <span class='ocrx_word' id='word_1_97' title='bbox 873 1547 1056 1604; x_wconf 91' lang='lat' dir='ltr'>credendum</span> 
     </span>
     <span class='ocr_line' id='line_1_15' title="bbox 120 1644 1053 1714; baseline 0.001 -13"><span class='ocrx_word' id='word_1_98' title='bbox 120 1645 232 1702; x_wconf 87' lang='lat' dir='ltr'>animis</span> <span class='ocrx_word' id='word_1_99' title='bbox 256 1644 322 1704; x_wconf 90' lang='lat' dir='ltr'>loco</span> <span class='ocrx_word' id='word_1_100' title='bbox 348 1647 482 1704; x_wconf 89' lang='lat' dir='ltr'>ominum</span> <span class='ocrx_word' id='word_1_101' title='bbox 511 1647 604 1705; x_wconf 88' lang='lat' dir='ltr'>etiam</span> <span class='ocrx_word' id='word_1_102' title='bbox 633 1646 771 1707; x_wconf 84' lang='lat' dir='ltr'>fortuita.</span> <span class='ocrx_word' id='word_1_103' title='bbox 811 1645 871 1704; x_wconf 89' lang='lat' dir='ltr'>Ubi</span> <span class='ocrx_word' id='word_1_104' title='bbox 898 1644 1053 1714; x_wconf 85' lang='lat' dir='ltr'>Corinthi,</span> 
     </span>
     <span class='ocr_line' id='line_1_16' title="bbox 120 1739 1056 1818; baseline -0.001 -17"><span class='ocrx_word' id='word_1_105' title='bbox 120 1739 244 1801; x_wconf 85' lang='lat' dir='ltr'>Achaiae</span> <span class='ocrx_word' id='word_1_106' title='bbox 259 1745 347 1813; x_wconf 91' lang='lat' dir='ltr'>urbe,</span> <span class='ocrx_word' id='word_1_107' title='bbox 365 1747 464 1802; x_wconf 87' lang='lat' dir='ltr'>certos</span> <span class='ocrx_word' id='word_1_108' title='bbox 479 1745 603 1802; x_wconf 89' lang='lat' dir='ltr'>nuntios</span> <span class='ocrx_word' id='word_1_109' title='bbox 618 1744 736 1818; x_wconf 90' lang='lat' dir='ltr'>accepit</span> <span class='ocrx_word' id='word_1_110' title='bbox 754 1742 791 1801; x_wconf 92' lang='lat' dir='ltr'>de</span> <span class='ocrx_word' id='word_1_111' title='bbox 805 1742 934 1800; x_wconf 88' lang='lat' dir='ltr'>interitu</span> <span class='ocrx_word' id='word_1_112' title='bbox 951 1742 1056 1801; x_wconf 84' lang='lat' dir='ltr'>Galbae</span> 
     </span>
     <span class='ocr_line' id='line_1_17' title="bbox 121 1840 1052 1917; baseline -0.002 -18"><span class='ocrx_word' id='word_1_113' title='bbox 121 1842 161 1917; x_wconf 84' lang='lat' dir='ltr'>(et</span> <span class='ocrx_word' id='word_1_114' title='bbox 176 1841 304 1900; x_wconf 86' lang='lat' dir='ltr'>aderaut</span> <span class='ocrx_word' id='word_1_115' title='bbox 323 1843 374 1916; x_wconf 90' lang='lat' dir='ltr'>qui</span> <span class='ocrx_word' id='word_1_116' title='bbox 393 1844 497 1900; x_wconf 83' lang='lat' dir='ltr'>arma6</span> <span class='ocrx_word' id='word_1_117' title='bbox 514 1842 634 1901; x_wconf 90' lang='lat' dir='ltr'>Vitellii</span> <span class='ocrx_word' id='word_1_118' title='bbox 649 1842 821 1915; x_wconf 88' lang='lat' dir='ltr'>bellumque</span> <span class='ocrx_word' id='word_1_119' title='bbox 836 1840 1052 1915; x_wconf 79' lang='lat' dir='ltr'>affirmarent),</span> 
     </span>
     <span class='ocr_line' id='line_1_18' title="bbox 119 1939 1053 2014; baseline 0 -18"><span class='ocrx_word' id='word_1_120' title='bbox 119 1940 229 1997; x_wconf 84' lang='lat' dir='ltr'>auxius</span> <span class='ocrx_word' id='word_1_121' title='bbox 240 1940 352 2009; x_wconf 88' lang='lat' dir='ltr'>anime,</span> <span class='ocrx_word' id='word_1_122' title='bbox 362 1939 468 2014; x_wconf 89' lang='lat' dir='ltr'>paucis</span> <span class='ocrx_word' id='word_1_123' title='bbox 479 1941 645 1998; x_wconf 88' lang='lat' dir='ltr'>amicorum</span> <span class='ocrx_word' id='word_1_124' title='bbox 656 1940 813 2009; x_wconf 71' lang='lat' dir='ltr'>adhibitis</span> <span class='ocrx_word' id='word_1_125' title='bbox 824 1942 934 1996; x_wconf 85' lang='lat' dir='ltr'>cuncta</span> <span class='ocrx_word' id='word_1_126' title='bbox 946 1939 1053 1996; x_wconf 86' lang='lat' dir='ltr'>utrim-</span> 
     </span>
     <span class='ocr_line' id='line_1_19' title="bbox 118 2037 1054 2113; baseline 0 -19"><span class='ocrx_word' id='word_1_127' title='bbox 118 2056 176 2112; x_wconf 89' lang='lat' dir='ltr'>que</span> <span class='ocrx_word' id='word_1_128' title='bbox 196 2037 383 2112; x_wconf 85' lang='lat' dir='ltr'>perlustrat:</span> <span class='ocrx_word' id='word_1_129' title='bbox 412 2038 438 2095; x_wconf 91' lang='lat' dir='ltr'>si</span> <span class='ocrx_word' id='word_1_130' title='bbox 462 2041 604 2113; x_wconf 81' lang='lat' dir='ltr'>pergeret</span> <span class='ocrx_word' id='word_1_131' title='bbox 624 2039 656 2096; x_wconf 91' lang='lat' dir='ltr'>iu</span> <span class='ocrx_word' id='word_1_132' title='bbox 677 2038 797 2107; x_wconf 87' lang='lat' dir='ltr'>urbem,</span> <span class='ocrx_word' id='word_1_133' title='bbox 826 2037 941 2095; x_wconf 90' lang='lat' dir='ltr'>nullam</span> <span class='ocrx_word' id='word_1_134' title='bbox 963 2037 1054 2094; x_wconf 88' lang='lat' dir='ltr'>officii</span> 
     </span>
     <span class='ocr_line' id='line_1_20' title="bbox 118 2135 1054 2211; baseline 0 -18"><span class='ocrx_word' id='word_1_135' title='bbox 118 2137 270 2211; x_wconf 81' lang='lat' dir='ltr'>gratiam⁷</span> <span class='ocrx_word' id='word_1_136' title='bbox 289 2137 321 2193; x_wconf 95' lang='lat' dir='ltr'>in</span> <span class='ocrx_word' id='word_1_137' title='bbox 340 2137 468 2194; x_wconf 88' lang='lat' dir='ltr'>alterius</span> <span class='ocrx_word' id='word_1_138' title='bbox 487 2136 632 2194; x_wconf 85' lang='lat' dir='ltr'>honorem</span> <span class='ocrx_word' id='word_1_139' title='bbox 650 2136 800 2211; x_wconf 87' lang='lat' dir='ltr'>suscepti,</span> <span class='ocrx_word' id='word_1_140' title='bbox 824 2153 860 2194; x_wconf 87' lang='lat' dir='ltr'>ac</span> <span class='ocrx_word' id='word_1_141' title='bbox 880 2152 912 2193; x_wconf 91' lang='lat' dir='ltr'>se</span> <span class='ocrx_word' id='word_1_142' title='bbox 926 2135 1054 2195; x_wconf 85' lang='lat' dir='ltr'>Vitellio</span> 
     </span>
     <span class='ocr_line' id='line_1_21' title="bbox 117 2232 1053 2303; baseline -0.001 -12"><span class='ocrx_word' id='word_1_143' title='bbox 117 2233 183 2291; x_wconf 89' lang='lat' dir='ltr'>sive</span> <span class='ocrx_word' id='word_1_144' title='bbox 199 2234 311 2292; x_wconf 91' lang='lat' dir='ltr'>Othoni</span> <span class='ocrx_word' id='word_1_145' title='bbox 330 2233 465 2291; x_wconf 88' lang='lat' dir='ltr'>obsidem</span> <span class='ocrx_word' id='word_1_146' title='bbox 486 2232 570 2292; x_wconf 87' lang='lat' dir='ltr'>fore:</span> <span class='ocrx_word' id='word_1_147' title='bbox 593 2234 641 2291; x_wconf 88' lang='lat' dir='ltr'>sin</span> <span class='ocrx_word' id='word_1_148' title='bbox 656 2233 787 2303; x_wconf 86' lang='lat' dir='ltr'>rediret,</span> <span class='ocrx_word' id='word_1_149' title='bbox 805 2232 950 2290; x_wconf 87' lang='lat' dir='ltr'>offensam</span> <span class='ocrx_word' id='word_1_150' title='bbox 972 2232 1053 2290; x_wconf 87' lang='lat' dir='ltr'>haud</span> 
     </span>
     <span class='ocr_line' id='line_1_22' title="bbox 115 2330 1052 2401; baseline 0 -13"><span class='ocrx_word' id='word_1_151' title='bbox 115 2330 239 2388; x_wconf 88' lang='lat' dir='ltr'>dubiam</span> <span class='ocrx_word' id='word_1_152' title='bbox 250 2332 392 2401; x_wconf 85' lang='lat' dir='ltr'>victoris;</span> <span class='ocrx_word' id='word_1_153' title='bbox 408 2332 459 2390; x_wconf 88' lang='lat' dir='ltr'>sed</span> <span class='ocrx_word' id='word_1_154' title='bbox 475 2332 624 2390; x_wconf 87' lang='lat' dir='ltr'>incertam</span> <span class='ocrx_word' id='word_1_155' title='bbox 635 2331 733 2390; x_wconf 89' lang='lat' dir='ltr'>adhuc</span> <span class='ocrx_word' id='word_1_156' title='bbox 744 2331 918 2400; x_wconf 88' lang='lat' dir='ltr'>victoriam,</span> <span class='ocrx_word' id='word_1_157' title='bbox 936 2333 968 2388; x_wconf 88' lang='lat' dir='ltr'>et</span> <span class='ocrx_word' id='word_1_158' title='bbox 983 2349 1052 2388; x_wconf 89' lang='lat' dir='ltr'>con-</span> 
     </span>
     <span class='ocr_line' id='line_1_23' title="bbox 117 2429 1052 2505; baseline 0 -18"><span class='ocrx_word' id='word_1_159' title='bbox 117 2429 241 2488; x_wconf 85' lang='lat' dir='ltr'>cedente</span> <span class='ocrx_word' id='word_1_160' title='bbox 260 2430 292 2487; x_wconf 92' lang='lat' dir='ltr'>in</span> <span class='ocrx_word' id='word_1_161' title='bbox 311 2433 415 2505; x_wconf 88' lang='lat' dir='ltr'>partes</span> <span class='ocrx_word' id='word_1_162' title='bbox 435 2434 523 2505; x_wconf 84' lang='lat' dir='ltr'>patre</span> <span class='ocrx_word' id='word_1_163' title='bbox 541 2430 640 2488; x_wconf 88' lang='lat' dir='ltr'>filium</span> <span class='ocrx_word' id='word_1_164' title='bbox 655 2432 843 2488; x_wconf 86' lang='lat' dir='ltr'>excusatum.</span> <span class='ocrx_word' id='word_1_165' title='bbox 868 2430 923 2488; x_wconf 86' lang='lat' dir='ltr'>Sin</span> <span class='ocrx_word' id='word_1_166' title='bbox 938 2430 1052 2504; x_wconf 87' lang='lat' dir='ltr'>Vespa-</span> 
     </span>
     <span class='ocr_line' id='line_1_24' title="bbox 64 2527 1051 2603; baseline 0 -18"><span class='ocrx_word' id='word_1_167' title='bbox 64 2547 66 2550; x_wconf 51' lang='lat'><em>⁴</em></span> <span class='ocrx_word' id='word_1_168' title='bbox 117 2528 221 2586; x_wconf 89' lang='lat' dir='ltr'>sianus</span> <span class='ocrx_word' id='word_1_169' title='bbox 236 2545 300 2585; x_wconf 87' lang='lat' dir='ltr'>rem</span> <span class='ocrx_word' id='word_1_170' title='bbox 315 2528 468 2603; x_wconf 85' lang='lat' dir='ltr'>publicam</span> <span class='ocrx_word' id='word_1_171' title='bbox 484 2530 667 2603; x_wconf 86' lang='lat' dir='ltr'>susciperet,</span> <span class='ocrx_word' id='word_1_172' title='bbox 685 2528 944 2588; x_wconf 86' lang='lat' dir='ltr'>obliviscendum8</span> <span class='ocrx_word' id='word_1_173' title='bbox 960 2527 1051 2586; x_wconf 87' lang='lat' dir='ltr'>offen·</span> 
     </span>
     <span class='ocr_line' id='line_1_25' title="bbox 117 2626 596 2701; baseline 0.008 -18"><span class='ocrx_word' id='word_1_174' title='bbox 117 2643 219 2684; x_wconf 90' lang='lat' dir='ltr'>sarum</span> <span class='ocrx_word' id='word_1_175' title='bbox 241 2626 374 2684; x_wconf 92' lang='lat' dir='ltr'>debello</span> <span class='ocrx_word' id='word_1_176' title='bbox 396 2627 596 2701; x_wconf 81' lang='lat' dir='ltr'>agitantibus.</span> 
     </span>
    </p>
   </div>
   <div class='ocr_carea' id='block_1_3' title="bbox 117 2729 1051 2905">
    <p class='ocr_par' dir='ltr' id='par_1_3' title="bbox 117 2729 1051 2905">
     <span class='ocr_line' id='line_1_26' title="bbox 157 2729 1051 2816; baseline -0.001 -26"><span class='ocrx_word' id='word_1_177' title='bbox 157 2731 188 2790; x_wconf 78' lang='lat'>2.</span> <span class='ocrx_word' id='word_1_178' title='bbox 213 2730 270 2789; x_wconf 87' lang='lat' dir='ltr'>His</span> <span class='ocrx_word' id='word_1_179' title='bbox 295 2748 331 2787; x_wconf 91' lang='lat' dir='ltr'>ac</span> <span class='ocrx_word' id='word_1_180' title='bbox 354 2729 469 2788; x_wconf 91' lang='lat' dir='ltr'>talibus</span> <span class='ocrx_word' id='word_1_181' title='bbox 494 2731 576 2789; x_wconf 89' lang='lat' dir='ltr'>inter</span> <span class='ocrx_word' id='word_1_182' title='bbox 600 2749 684 2807; x_wconf 93' lang='lat' dir='ltr'>spem</span> <span class='ocrx_word' id='word_1_183' title='bbox 705 2735 877 2816; x_wconf 84' lang='lat' dir='ltr'>metumque</span> <span class='ocrx_word' id='word_1_184' title='bbox 897 2730 1051 2807; x_wconf 87' lang='lat' dir='ltr'>jactatum</span> 
     </span>
     <span class='ocr_line' id='line_1_27' title="bbox 117 2830 1050 2905; baseline 0.004 -18"><span class='ocrx_word' id='word_1_185' title='bbox 117 2846 185 2904; x_wconf 89' lang='lat' dir='ltr'>spes</span> <span class='ocrx_word' id='word_1_186' title='bbox 200 2830 287 2888; x_wconf 83' lang='lat' dir='ltr'>vicit.</span> <span class='ocrx_word' id='word_1_187' title='bbox 304 2830 443 2888; x_wconf 88' lang='lat' dir='ltr'>Fuerunt</span> <span class='ocrx_word' id='word_1_188' title='bbox 462 2830 514 2905; x_wconf 92' lang='lat' dir='ltr'>qui</span> <span class='ocrx_word' id='word_1_189' title='bbox 529 2847 689 2888; x_wconf 87' lang='lat' dir='ltr'>accensum</span> <span class='ocrx_word' id='word_1_190' title='bbox 704 2831 854 2890; x_wconf 90' lang='lat' dir='ltr'>desiderio</span> <span class='ocrx_word' id='word_1_191' title='bbox 870 2831 1050 2891; x_wconf 85' lang='lat' dir='ltr'>Berenices¹</span> 
     </span>
    </p>
   </div>
   <div class='ocr_carea' id='block_1_4' title="bbox 106 2972 1049 3561">
    <p class='ocr_par' dir='ltr' id='par_1_4' title="bbox 115 2972 1049 3101">
     <span class='ocr_line' id='line_1_28' title="bbox 150 2972 1049 3038; baseline 0.007 -20"><span class='ocrx_word' id='word_1_192' title='bbox 150 2980 180 3020; x_wconf 83' lang='lat'>1.</span> <span class='ocrx_word' id='word_1_193' title='bbox 201 2981 221 3021; x_wconf 91' lang='lat'>1.</span> <span class='ocrx_word' id='word_1_194' title='bbox 236 2973 300 3021; x_wconf 83' lang='lat' dir='ltr'>Deus</span> <span class='ocrx_word' id='word_1_195' title='bbox 319 2972 435 3036; x_wconf 77' lang='lat' dir='ltr'>lapaitie</span> <span class='ocrx_word' id='word_1_196' title='bbox 450 2976 558 3038; x_wconf 78' lang='lat' dir='ltr'>opposde</span> <span class='ocrx_word' id='word_1_197' title='bbox 640 2980 662 3022; x_wconf 87' lang='grc'>6.</span> <span class='ocrx_word' id='word_1_198' title='bbox 688 2975 722 3022; x_wconf 84' lang='lat' dir='ltr'>La</span> <span class='ocrx_word' id='word_1_199' title='bbox 745 2973 811 3038; x_wconf 84' lang='lat' dir='ltr'>prise</span> <span class='ocrx_word' id='word_1_200' title='bbox 834 2972 937 3023; x_wconf 84' lang='lat' dir='ltr'>d&#39;ururcs</span> <span class='ocrx_word' id='word_1_201' title='bbox 964 2985 1049 3025; x_wconf 81' lang='lat' dir='ltr'>contre</span> 
     </span>
     <span class='ocr_line' id='line_1_29' title="bbox 115 3036 696 3101; baseline 0.005 -17"><span class='ocrx_word' id='word_1_202' title='bbox 115 3036 147 3085; x_wconf 89' lang='lat' dir='ltr'>de</span> <span class='ocrx_word' id='word_1_203' title='bbox 159 3036 269 3101; x_wconf 87' lang='lat' dir='ltr'>l&#39;empire</span> <span class='ocrx_word' id='word_1_204' title='bbox 280 3061 313 3079; x_wconf 94' lang='lat'><strong><em>=</em></strong></span> <span class='ocrx_word' id='word_1_205' title='bbox 325 3054 356 3086; x_wconf 90' lang='lat' dir='ltr'>en</span> <span class='ocrx_word' id='word_1_206' title='bbox 369 3037 462 3088; x_wconf 88' lang='lat' dir='ltr'>Orient.</span> <span class='ocrx_word' id='word_1_207' title='bbox 607 3038 696 3089; x_wconf 85' lang='lat' dir='ltr'>Otheu.</span> 
     </span>
    </p>

    <p class='ocr_par' dir='ltr' id='par_1_5' title="bbox 113 3104 1047 3412">
     <span class='ocr_line' id='line_1_30' title="bbox 148 3104 919 3168; baseline 0.001 -18"><span class='ocrx_word' id='word_1_208' title='bbox 148 3109 170 3149; x_wconf 81' lang='lat'>2.</span> <span class='ocrx_word' id='word_1_209' title='bbox 190 3104 295 3160; x_wconf 70' lang='lat' dir='ltr'>Lectum,</span> <span class='ocrx_word' id='word_1_210' title='bbox 315 3119 372 3151; x_wconf 93' lang='lat' dir='ltr'>sous</span> <span class='ocrx_word' id='word_1_211' title='bbox 384 3104 516 3167; x_wconf 87' lang='lat' dir='ltr'>Vespasien</span> <span class='ocrx_word' id='word_1_212' title='bbox 533 3113 557 3153; x_wconf 87' lang='lat' dir='ltr'>et</span> <span class='ocrx_word' id='word_1_213' title='bbox 639 3112 660 3153; x_wconf 83' lang='lat'>7.</span> <span class='ocrx_word' id='word_1_214' title='bbox 681 3105 795 3154; x_wconf 79' lang='lat' dir='ltr'>Gratiam</span> <span class='ocrx_word' id='word_1_215' title='bbox 808 3122 842 3155; x_wconf 89' lang='lat' dir='ltr'>so.</span> <span class='ocrx_word' id='word_1_216' title='bbox 855 3106 919 3168; x_wconf 76' lang='lat' dir='ltr'>fore.</span> 
     </span>
     <span class='ocr_line' id='line_1_31' title="bbox 115 3168 1047 3229; baseline 0.004 -15"><span class='ocrx_word' id='word_1_217' title='bbox 115 3182 172 3215; x_wconf 87' lang='lat' dir='ltr'>sous</span> <span class='ocrx_word' id='word_1_218' title='bbox 181 3168 349 3226; x_wconf 82' lang='lat' dir='ltr'>Titus,otroac,</span> <span class='ocrx_word' id='word_1_219' title='bbox 360 3169 554 3218; x_wconf 78' lang='lat' dir='ltr'>sousllomitieu.</span> <span class='ocrx_word' id='word_1_220' title='bbox 638 3177 660 3218; x_wconf 89' lang='lat'>8.</span> <span class='ocrx_word' id='word_1_221' title='bbox 680 3170 890 3227; x_wconf 78' lang='lat' dir='ltr'>obliuiscendum,</span> <span class='ocrx_word' id='word_1_222' title='bbox 901 3169 918 3217; x_wconf 94' lang='lat' dir='ltr'>il</span> <span class='ocrx_word' id='word_1_223' title='bbox 931 3168 1047 3229; x_wconf 83' lang='lat' dir='ltr'>faudrait,</span> 
     </span>
     <span class='ocr_line' id='line_1_32' title="bbox 113 3234 1046 3311; baseline 0.005 -31"><span class='ocrx_word' id='word_1_224' title='bbox 113 3290 117 3297; x_wconf 28' lang='lat'><strong>¹</strong></span> <span class='ocrx_word' id='word_1_225' title='bbox 147 3240 169 3281; x_wconf 85' lang='lat'>3.</span> <span class='ocrx_word' id='word_1_226' title='bbox 192 3234 232 3282; x_wconf 81' lang='lat' dir='ltr'>Vel</span> <span class='ocrx_word' id='word_1_227' title='bbox 244 3234 382 3297; x_wconf 85' lang='lat' dir='ltr'>rc&#39;poudant</span> <span class='ocrx_word' id='word_1_228' title='bbox 398 3237 412 3281; x_wconf 84' lang='lat' dir='ltr'>d</span> <span class='ocrx_word' id='word_1_229' title='bbox 430 3243 475 3284; x_wconf 84' lang='lat' dir='ltr'>aut</span> <span class='ocrx_word' id='word_1_230' title='bbox 494 3234 555 3284; x_wconf 84' lang='lat' dir='ltr'>n’cst</span> <span class='ocrx_word' id='word_1_231' title='bbox 604 3235 729 3310; x_wconf 81' lang='lat' dir='ltr'>lorsqu&#39;ou</span> <span class='ocrx_word' id='word_1_232' title='bbox 737 3241 834 3311; x_wconf 73' lang='lat' dir='ltr'>sungad</span> <span class='ocrx_word' id='word_1_233' title='bbox 848 3235 940 3284; x_wconf 84' lang='lat' dir='ltr'>lairela</span> <span class='ocrx_word' id='word_1_234' title='bbox 948 3251 1046 3300; x_wconf 77' lang='lat' dir='ltr'>guerre,</span> 
     </span>
     <span class='ocr_line' id='line_1_33' title="bbox 114 3297 997 3412; baseline 0.003 -67"><span class='ocrx_word' id='word_1_235' title='bbox 114 3297 280 3372; x_wconf 76' lang='lat' dir='ltr'>pasregulier.</span> <span class='ocrx_word' id='word_1_236' title='bbox 290 3300 317 3347; x_wconf 93' lang='lat' dir='ltr'>V.</span> <span class='ocrx_word' id='word_1_237' title='bbox 326 3315 362 3412; x_wconf 59' lang='lat' dir='ltr'>qr.</span> <span class='ocrx_word' id='word_1_238' title='bbox 370 3299 474 3357; x_wconf 78' lang='lat' dir='ltr'>deTac,</span> <span class='ocrx_word' id='word_1_239' title='bbox 485 3307 554 3359; x_wconf 73' lang='lat'>5119.</span> <span class='ocrx_word' id='word_1_240' title='bbox 605 3302 716 3366; x_wconf 75' lang='lat' dir='ltr'>negliger</span> <span class='ocrx_word' id='word_1_241' title='bbox 727 3301 758 3349; x_wconf 90' lang='lat' dir='ltr'>de</span> <span class='ocrx_word' id='word_1_242' title='bbox 770 3301 871 3366; x_wconf 86' lang='lat' dir='ltr'>srmples</span> <span class='ocrx_word' id='word_1_243' title='bbox 883 3299 997 3351; x_wconf 79' lang='lat' dir='ltr'>elienses.</span> 
     </span>
    </p>

    <p class='ocr_par' dir='ltr' id='par_1_6' title="bbox 147 3363 1047 3425">
     <span class='ocr_line' id='line_1_34' title="bbox 147 3363 1047 3425; baseline 0.007 -14"><span class='ocrx_word' id='word_1_244' title='bbox 147 3371 169 3411; x_wconf 84' lang='grc'>4.</span> <span class='ocrx_word' id='word_1_245' title='bbox 190 3363 311 3412; x_wconf 83' lang='lat' dir='ltr'>Domrlien</span> <span class='ocrx_word' id='word_1_246' title='bbox 341 3373 367 3411; x_wconf 87' lang='lat' dir='ltr'>ut</span> <span class='ocrx_word' id='word_1_247' title='bbox 382 3366 512 3416; x_wconf 76' lang='lat' dir='ltr'>assassihd.</span> <span class='ocrx_word' id='word_1_248' title='bbox 640 3375 669 3415; x_wconf 74' lang='lat'>2.</span> <span class='ocrx_word' id='word_1_249' title='bbox 690 3374 710 3415; x_wconf 91' lang='lat' dir='ltr'>l.</span> <span class='ocrx_word' id='word_1_250' title='bbox 731 3367 861 3425; x_wconf 78' lang='lat' dir='ltr'>Berenice,</span> <span class='ocrx_word' id='word_1_251' title='bbox 884 3366 935 3414; x_wconf 85' lang='lat' dir='ltr'>fille</span> <span class='ocrx_word' id='word_1_252' title='bbox 955 3366 989 3415; x_wconf 91' lang='lat' dir='ltr'>du</span> <span class='ocrx_word' id='word_1_253' title='bbox 1011 3368 1047 3417; x_wconf 88' lang='lat' dir='ltr'>roi</span> 
     </span>
    </p>

    <p class='ocr_par' dir='ltr' id='par_1_7' title="bbox 106 3429 1047 3561">
     <span class='ocr_line' id='line_1_35' title="bbox 148 3429 1047 3499; baseline 0.007 -23"><span class='ocrx_word' id='word_1_254' title='bbox 148 3436 170 3476; x_wconf 83' lang='lat'>5.</span> <span class='ocrx_word' id='word_1_255' title='bbox 190 3430 398 3490; x_wconf 78' lang='lat' dir='ltr'>Intemperantia,</span> <span class='ocrx_word' id='word_1_256' title='bbox 419 3430 442 3479; x_wconf 88' lang='lat' dir='ltr'>lc</span> <span class='ocrx_word' id='word_1_257' title='bbox 459 3448 507 3499; x_wconf 73' lang='lat' dir='ltr'>ped</span> <span class='ocrx_word' id='word_1_258' title='bbox 523 3431 554 3480; x_wconf 91' lang='lat' dir='ltr'>dc</span> <span class='ocrx_word' id='word_1_259' title='bbox 601 3429 653 3493; x_wconf 85' lang='lat' dir='ltr'>juif</span> <span class='ocrx_word' id='word_1_260' title='bbox 671 3431 768 3480; x_wconf 79' lang='lat' dir='ltr'>Herode</span> <span class='ocrx_word' id='word_1_261' title='bbox 789 3432 897 3496; x_wconf 78' lang='lat' dir='ltr'>Agrippa</span> <span class='ocrx_word' id='word_1_262' title='bbox 910 3431 934 3489; x_wconf 90' lang='lat' dir='ltr'>l,</span> <span class='ocrx_word' id='word_1_263' title='bbox 954 3435 1047 3495; x_wconf 77' lang='lat' dir='ltr'>epousa</span> 
     </span>
     <span class='ocr_line' id='line_1_36' title="bbox 106 3495 1044 3561; baseline 0.009 -21"><span class='ocrx_word' id='word_1_264' title='bbox 106 3503 224 3553; x_wconf 79' lang='lat' dir='ltr'>rotenus,</span> <span class='ocrx_word' id='word_1_265' title='bbox 242 3495 462 3561; x_wconf 76' lang='lat' dir='ltr'>l&#39;cmprcsscmcut.</span> <span class='ocrx_word' id='word_1_266' title='bbox 604 3495 1044 3558; x_wconf 66' lang='lat' dir='ltr'>d&#39;aburdleroidetlhalcisfflerode,</span> 
     </span>
    </p>
   </div>
   <div class='ocr_carea' id='block_1_5' title="bbox 0 0 1178 3922">
    <p class='ocr_par' dir='ltr' id='par_1_8' title="bbox 0 0 1178 3922">
     <span class='ocr_line' id='line_1_37' title="bbox 0 0 1178 3922; baseline 0 3"><span class='ocrx_word' id='word_1_267' title='bbox 0 0 1178 3922; x_wconf 95' lang='lat' dir='ltr'> </span> 
     </span>
    </p>
   </div>
  </div>
 </body>
</html>
