2346 3922
165 252 226 319 238
390 264 534 317 coenam
554 268 655 316 rnorn
674 268 888 316 momentaeis

165 423 184 463 a
212 404 378 481 majoribus
406 406 517 481 pignus
553 404 676 480 imperii
711 401 881 471 conditam,
919 416 1014 474 quam
1030 418 1032 423 ⁴
1048 416 1109 458 non

165 505 325 562 Porsenna
353 502 456 560 dedita
486 501 562 559 urbe
593 518 692 575 neque
722 499 805 559 Galli
833 499 925 574 capta
953 500 1109 557 temerare

164 601 349 676 potuissent,
373 600 476 658 furore
490 599 665 675 principum
682 598 816 657 excindi.
842 598 974 657 Arserat
989 598 1109 656 etanta

164 699 349 774 Capitolium
377 699 464 757 civili
489 698 598 768 bello³,
625 699 678 757 sed
702 696 809 756 fraude
834 692 997 773 privata⁴;
1025 712 1108 754 nune

164 797 265 872 palam
286 797 456 864 obsessum,
485 795 587 872 palam
608 796 787 854 incensum:
815 794 927 869 quibus
948 810 1107 853 armorum

164 893 284 951 causist
296 911 354 967 quo
364 895 460 950 tantae
471 893 567 951 cladis
582 893 702 968 pretio?
714 909 769 967 pro
783 892 887 966 patria
901 891 1107 950 bellavimusi

163 993 298 1052 Voverat
313 992 500 1066 Tarquinius
515 992 641 1050 Priscus
655 1008 712 1049 rex
725 989 805 1048 bello
821 990 952 1060 Sabino,
971 989 1106 1067 jecerat·

163 1109 221 1166 que
242 1090 440 1148 fundamenta
461 1108 513 1165 spe
532 1091 630 1165 magis
644 1089 757 1148 futurae
773 1089 998 1164 magnitudinis
1012 1108 1106 1166 quam

164 1190 241 1261 quo⁵
269 1188 395 1245 modicae
419 1188 517 1245 adhuc
545 1186 650 1262 populi
675 1187 808 1244 Romani
837 1203 886 1245 res
915 1187 1104 1248 sufficerent.

163 1286 238 1345 Mox
253 1287 379 1345 Servius
394 1286 514 1344 Tullius
529 1285 680 1343 sociorum
695 1286 811 1355 studio,
829 1286 900 1345 dein
914 1287 1106 1362 Tarquinius

164 1384 321 1459 Superbus
355 1386 446 1459 capta
481 1383 594 1442 Suessa
629 1383 789 1441 Pometia⁶
827 1383 963 1442 hostium
995 1385 1105 1460 spoliis

162 1486 353 1541 exstruxere.
368 1482 427 1542 Sed
439 1482 539 1556 gloria
550 1482 651 1557 operis
661 1481 801 1540 libertati
816 1484 990 1553 reservata;
1004 1482 1106 1558 pulsis

162 1582 287 1656 regibus
318 1581 466 1639 Horatius
493 1579 647 1639 Pulvillus
677 1580 789 1638 iterum
814 1579 920 1638 consul
945 1581 1105 1640 dedicavit

163 1697 199 1736 ea
213 1677 441 1753 magnificentia
456 1695 546 1751 quam
561 1677 716 1735 immensae
730 1681 836 1754 postea
847 1678 953 1754 populi
969 1679 1105 1738 Romani

164 1793 235 1851 opes
260 1776 406 1833 ornarent
434 1775 536 1850 potius
566 1792 655 1848 quam
683 1779 843 1850 augerent.
871 1763 973 1835 Isdem
994 1794 1105 1837 rursus

163 1875 305 1949 vestigiis
320 1875 432 1933 situm⁷
453 1877 515 1944 est,
537 1877 697 1950 postquam
712 1876 875 1952 interjecto
895 1877 1104 1954 quadringen-

162 1975 264 2031 torum
285 1974 399 2048 viginti
420 1974 552 2049 quinque
568 1991 719 2032 annorum
739 1975 854 2050 spatio,
883 1976 920 2035 L.
938 1976 1101 2051 Scipione,

163 2072 196 2132 C.
224 2071 371 2130 Norbano
399 2071 607 2141 oonsulibus⁸‚
635 2070 831 2147 flagraverat.
863 2073 976 2132 Curam
998 2075 1105 2136 victor

163 2169 250 2228 Sulla
275 2171 422 2244 suscepit,
454 2187 551 2244 neque
583 2172 686 2227 tamen
716 2171 891 2240 dedicarit3
917 2173 975 2231 hoo
1001 2172 1102 2233 solum

162 2267 307 2326 felicitati
326 2268 392 2344 ejus
412 2269 587 2344 negatum⁹.
604 2267 723 2326 Lutatii
739 2269 841 2328 Catuli
850 2258 872 2306 ¹⁶
887 2287 997 2328 nomen
1019 2271 1105 2332 inter

161 2370 251 2426 tanta
266 2369 420 2426 Caesarum
440 2384 534 2442 opera
554 2384 649 2442 usque
669 2366 708 2424 ad
726 2366 888 2426 Vitellium
913 2369 1040 2429 mansit.
1057 2371 1104 2430 Ea

162 2469 236 2524 tunc
251 2467 330 2526 aedes
350 2467 552 2526 cremabatur.

203 2565 254 2624 73.
279 2565 338 2624 Sed
366 2565 434 2641 plus
462 2565 586 2641 pavoris
614 2566 745 2626 obsessis
774 2583 864 2641 quam
889 2567 1103 2629 obsessoribus

197 2719 218 2762 ³.
238 2712 312 2762 Civili
324 2713 397 2770 bello,
414 2711 475 2761 dans
484 2713 508 2761 la
517 2729 605 2778 guerre
688 2719 710 2761 8.
729 2713 758 2762 V.
769 2721 827 2762 note
839 2719 862 2762 3.

163 2777 195 2826 de
206 2779 273 2844 Sylla
292 2788 376 2829 contre
392 2779 428 2827 les
440 2778 562 2842 partisans
573 2778 605 2827 dc
688 2785 710 2828 9.
729 2779 859 2842 Nepotem.
881 2777 957 2844 Sylla,
972 2776 1016 2843 qui
1035 2775 1102 2828 avait

162 2844 254 2893 Marius
274 2860 305 2893 en
321 2852 349 2894 83
365 2860 402 2893 av.
416 2844 428 2893 J
433 2844 478 2894 .·C.
655 2842 706 2909 pris
718 2844 741 2894 le
753 2859 854 2893 surnom
865 2843 897 2893 de
910 2843 994 2902 Folia,
1012 2843 1042 2892 fit
1055 2843 1102 2894 lui-

195 2917 218 2960 4.
247 2911 351 2959 Fraude
376 2912 494 2973 privato,
529 2909 605 2959 crime
654 2912 733 2960 meme
746 2919 866 2958 cetaveu.

162 2973 223 3024 d'un
235 2976 289 3025 seul
309 2992 341 3026 on
362 2976 393 3024 de
409 2976 603 3040 quelques-uns,
689 2982 724 3023 10.
744 2977 861 3024 Lutatius
879 2974 998 3033 Catulos,
1013 2973 1053 3024 fils
1064 2973 1100 3025 du

163 3040 207 3104 qui
219 3050 275 3091 sont
287 3044 363 3090 restes
375 3042 505 3090 inconnus.
654 3038 792 3105 vainquenr
814 3040 858 3089 des
877 3038 1004 3097 (imbres,
1029 3048 1101 3099 reout

196 3113 217 3155 5.
238 3108 319 3168 Quom
331 3123 378 3170 quo
392 3129 426 3149 =
440 3122 514 3169 qoam
530 3110 603 3171 petio,
655 3106 720 3155 alors
737 3106 760 3154 le
772 3121 873 3155 surnom
888 3104 920 3154 de
931 3105 1098 3170 Capitolinus.

162 3185 301 3227 commeon
314 3173 350 3221 dit
360 3188 411 3221 aon
422 3188 469 3235 quo
480 3189 545 3237 pour
555 3189 605 3222 non
655 3171 724 3220 Ceux
741 3169 783 3236 qui
801 3169 975 3235 inauguraient
994 3186 1029 3219 un
1048 3170 1101 3220 edi-

162 3239 240 3300 qaod‚
256 3238 578 3300 qoio‚v.Gantr.‚150,2.
655 3236 701 3285 tice
724 3238 821 3285 avaient
843 3237 866 3284 le
889 3233 954 3284 droit
976 3235 1017 3302 d'y
1037 3235 1100 3286 faire

195 3309 218 3353 6.
236 3304 326 3353 Suessa
341 3304 466 3357 Pometia,
487 3303 545 3352 ville
561 3304 605 3353 des
655 3318 740 3367 graver
752 3303 806 3350 leur
817 3317 883 3350 nom.
894 3301 1014 3365 Auguste,
1029 3299 1100 3366 quoi·

162 3368 296 3434 Volsques‚
310 3368 371 3416 dans
383 3370 407 3416 le
419 3366 524 3417 Latium.
655 3367 715 3432 qu'il
732 3370 773 3416 adt
790 3367 899 3415 restauro
916 3366 939 3415 le
956 3367 1048 3431 temple
1065 3366 1100 3416 de

196 3440 218 3482 7.
238 3435 332 3490 Situm,
345 3435 416 3507 place
431 3432 606 3498 (signification
654 3432 752 3497 Jupiter
774 3431 911 3496 Capitolin,
935 3441 1049 3496 respecta
1072 3432 1099 3483 le

162 3498 307 3566 primitive),
321 3498 352 3549 ici
361 3497 538 3555 areconstruit.
655 3513 712 3548 nom
724 3497 756 3549 de
768 3497 879 3551 Catulus.
