2346 3922
389 242 480 315 ames
499 241 533 303 11.
557 240 624 287 co.
648 224 782 288 22-24.
1000 224 1056 286 111

115 373 291 443 astricus,
318 372 454 433 duabus³
475 374 541 450 jam
565 376 714 435 Romanis
738 376 876 436 cladibus
898 379 987 437 notus
1013 377 1057 435 in-

116 471 331 548 faustusque⁴.

161 571 264 630 Isdem
278 572 385 632 diebus
398 590 417 632 a
429 572 548 634 Marcio
563 573 669 632 Macro
690 574 771 633 haud
790 575 897 652 procul
911 575 1060 634 Cremona

117 687 267 748 prospere
280 674 466 748 pugnatum3
481 689 610 748 namque
627 677 785 749 promptus
805 675 902 733 animi
924 675 1060 733 Marcius

117 771 314 828 transvectos
342 771 473 829 navibus
500 770 687 846 gladiatores
721 772 753 830 in
788 773 949 831 adversam
981 773 1060 831 Padi

118 869 222 943 ripam
236 870 361 943 repento
375 869 492 930 effudit.
511 868 648 928 Turbata
662 869 706 927 ibi
721 871 958 930 Vitellianorum
973 872 1059 928 auxi-

117 967 180 1037 lia,
204 970 236 1026 et
255 969 369 1027 ceteris
384 968 564 1027 Cremonam
589 965 779 1042 fugientibus
799 969 871 1026 caesi
892 969 944 1044 qui
969 969 1057 1027 resti-

118 1067 240 1134 terant3
266 1065 319 1123 sed
338 1067 514 1140 repressus⁵
534 1065 724 1123 vincentium
746 1066 893 1141 impetus,
917 1084 955 1125 ne
970 1069 1058 1126 novis

117 1163 267 1223 subsidiis
293 1161 409 1222 firmati
438 1163 541 1221 hostes
568 1161 724 1221 fortunam
756 1162 858 1238 proelii
888 1167 1053 1226 mutarent.

117 1263 300 1338 Suspectum
330 1262 362 1319 id
391 1261 575 1320 Othonianis
603 1260 676 1331 luit,
708 1263 811 1319 omnia
839 1263 948 1320 ducum
976 1262 1058 1322 facta

117 1378 217 1437 prave
231 1361 465 1421 aestimantibus.
485 1360 650 1428 Certatim,
667 1361 702 1418 ut
716 1360 843 1434 quisque
854 1360 957 1418 animo
972 1362 1056 1435 igna-

117 1476 192 1529 rus,
219 1477 334 1535 procax
347 1460 431 1528 ore⁶,
452 1459 587 1518 Annium
603 1457 724 1518 Gallum
739 1461 771 1516 et
786 1459 964 1517 Suetonium
981 1461 1058 1518 Pau·

116 1555 218 1615 linum
238 1560 271 1615 et
297 1556 431 1615 Marium
452 1555 573 1614 Celsum
592 1588 634 1598 -
655 1572 726 1615 nam
758 1574 809 1614 eos
841 1558 937 1632 copiis
977 1559 1056 1615 Otho

116 1653 354 1730 praefecerat-
367 1654 464 1712 variis
479 1654 660 1712 criminibus
679 1655 886 1724 incessebant;
908 1657 1057 1714 acerrima

118 1752 305 1812 seditionum
340 1769 376 1811 ac
411 1751 571 1811 discordiae
611 1752 811 1810 incitamenta
846 1752 1056 1812 interfectores

118 1849 236 1910 Galbae.
270 1849 392 1908 Scelere
420 1851 451 1907 et
481 1849 564 1906 metu
592 1849 736 1907 vecordes
764 1850 892 1909 miscere
927 1854 1053 1921 cuncta,

112 1948 207 2011 ‚modo
225 1948 327 2024 palam
340 1947 473 2006 turbidis
487 1946 627 2015 vocibus,
645 1946 739 2004 modo
761 1947 888 2006 occultis
906 1949 944 2006 ad
964 1949 1054 2007 Otho-

117 2064 189 2104 nem
209 2046 338 2126 litteris;
362 2045 414 2120 qui
433 2045 623 2104 humillimo⁷
648 2045 757 2119 cuique
781 2044 936 2115 credulus,
960 2046 1055 2106 bonos

116 2148 258 2202 metuens
272 2143 462 2219 trepidabat,
484 2144 575 2201 rebus
595 2143 751 2218 prosperis
773 2142 907 2201 incertus
928 2146 959 2202 et
974 2145 1056 2202 inter

117 2242 249 2301 adversa
263 2242 381 2301 melior.
402 2241 504 2315 Igitur
517 2242 674 2301 Titianum
688 2239 814 2299 fratrem
829 2242 960 2301 accitum
976 2242 1055 2301 bello

116 2342 296 2416 praeposuit.

158 2442 210 2502 24.
229 2442 351 2500 Interea
365 2439 491 2500 Paulini
506 2442 537 2499 et
548 2439 627 2499 Celsi
639 2441 731 2500 ductu
746 2456 795 2500 res
813 2441 935 2518 egregie
947 2448 1050 2518 gestae.

115 2539 282 2615 Angebant
296 2539 447 2598 Caecinam
462 2539 662 2614 nequicquam
677 2541 779 2598 omnia
794 2543 894 2615 coepta
908 2543 938 2598 et
953 2558 1051 2600 senes·

116 2657 191 2698 cens
219 2638 371 2696 exercitus
400 2637 448 2697 sui
476 2636 567 2695 fama.
610 2637 722 2696 Pulsus
757 2638 933 2708 Placentia,
965 2641 1051 2698 caesis

117 2737 234 2813 nuper¹
252 2735 392 2806 auxiliis,
410 2737 504 2794 etiam
522 2752 577 2810 per
591 2739 789 2794 coneursum²
806 2735 1048 2811 exploratorum,

150 2865 173 2907 3.
188 2857 290 2906 Duobus
300 2857 420 2914 alodibus,
434 2858 458 2906 la
468 2856 560 2906 delate
642 2865 664 2907 7.
677 2858 824 2906 Humillimo
835 2872 937 2922 marquc
947 2875 980 2906 un
992 2853 1050 2909 con-

116 2921 149 2973 de
160 2925 259 2972 l’armee
271 2922 376 2972 d'Othon
386 2938 431 2987 par
441 2923 478 2971 les
486 2922 561 2972 Vitel·
609 2932 683 2972 traste
699 2938 756 2973 auec
767 2923 840 2971 bonos
854 2932 879 2971 et
892 2923 988 2987 signitic
1007 2941 1051 2990 par

117 2987 183 3038 liena
194 2997 219 3037 et
230 2988 262 3036 de
273 2989 335 3037 celle
347 2988 379 3037 de
390 2987 503 3038 Vitellius
515 3003 560 3052 par
608 2990 760 3053 consequent
768 3004 896 3046 comosus,
906 2991 950 3039 vil.

116 3054 154 3102 les
165 3063 265 3117 troupes
274 3052 305 3102 de
314 3053 458 3118 Vespasien,
465 3069 559 3103 comme

116 3134 150 3168 on
169 3119 193 3168 le
205 3133 273 3167 verra
284 3133 315 3166 au
327 3118 387 3167 livre
399 3118 443 3167 lll.
642 3107 695 3180 ’θ’
715 3108 737 3175 ¹:
749 3101 845 3175 Nuper,
863 3099 906 3175 qui
922 3115 1051 3176 331988ΰῦ

149 3192 173 3232 4.
191 3183 269 3233 Nom
283 3185 470 3248 imumque,
484 3182 559 3232 (sune
608 3165 802 3246 tres-elestique,
824 3165 921 3280 ⁸¹13¹3¹fi⁰
944 3183 976 3215 1c1
998 3176 1051 3247 tout

115 3248 217 3298 sinistre
231 3247 358 3299 celebri&
606 3239 762 3281 reremaneret.
790 3232 824 3280 Le
851 3241 884 3280 ait
896 3240 933 3281 est
951 3243 1050 3282 recente

150 3323 173 3363 5.
192 3314 326 3376 Represcus
338 3330 373 3363 sc.
387 3331 403 3363 o
414 3316 517 3366 Marcio.
607 3310 638 3343 ³¹¹
651 3296 690 3346 ώ-
705 3295 848 3361 Ρΐόθόάθῃῑ·

149 3386 173 3429 6.
184 3378 273 3427 Animo
282 3381 397 3440 ipnuvuee,
403 3396 556 3442 procursare.
639 3391 661 3433 2.
675 3384 725 3433 Per
734 3400 921 3433 concursum-
928 3386 1047 3448 inferior,

111 3448 269 3508 Remurquez
278 3443 513 3518 l'entrecr·oisemcnt
524 3448 555 3510 (u.
606 3459 680 3513 ayant
695 3465 726 3499 cu
742 3451 766 3498 le
777 3450 879 3498 dessous
897 3454 976 3499 meme
986 3450 1048 3498 dans

112 3531 151 3580 gr.
166 3509 235 3559 de'l.
251 3510 313 3571 175),
329 3523 373 3572 qur
391 3507 434 3558 leit
446 3512 559 3562 ressortir
606 3514 642 3564 les
655 3524 797 3566 rencontres
809 3513 975 3566 d’eclaireurs.

111 3582 151 3633 les
168 3584 232 3626 mets
248 3577 362 3641 opposes.
