2346 3922
958 183 1017 243 241

83 321 293 398 principatum
306 324 489 402 Vespasiani
510 327 602 386 decus
627 330 733 387 domus
754 344 848 403 penes
873 327 1022 386 Sabinum

83 421 163 479 erat.
191 420 309 479 Gaedem
331 417 395 497 ejus
420 423 522 481 laetam
547 424 642 484 fuisse
668 426 812 486 Muciano
838 425 1020 501 accepimus.

82 515 239 576 Ferebant
266 517 404 594 plerique
433 522 526 579 etiam
554 524 623 598 paci
650 523 841 582 consultum⁰
870 523 1021 598 dirempta

82 615 277 674 {emulatione
292 616 374 675 inter
388 617 462 676 duos
481 636 609 693 quorum
624 621 705 678 alter
723 638 755 678 se
773 620 901 678 fratrem
927 620 1019 694 impe-

82 713 210 782 ratoris,
228 711 309 771 alter
323 717 493 772 consortem
509 716 630 792 imperii
649 717 830 791 cogitarct⁷.
849 717 908 774 Sed
924 716 1020 775 Vitel-

81 808 144 869 lius
179 811 312 870 consulis
347 814 530 888 supplicium
565 817 702 890 poscenti
737 815 849 890 populo
884 816 1017 882 restitit,

81 909 222 984 placatus
236 929 272 969 ac
286 911 372 971 velut
391 915 490 971 vicem
505 915 633 973 reddens
654 916 733 990 quod
755 916 1018 990 interrogantibus

83 1007 152 1081 quis
167 1007 352 1082 Capitolium
367 1010 552 1069 incendisset
566 1029 598 1069 se
612 1030 698 1069 reum
709 1013 831 1070 Atticus
847 1012 1016 1080 obtulerat,

82 1122 178 1181 eaque
206 1107 408 1178 confessione,
438 1109 503 1167 sive
532 1113 637 1185 aptum
666 1111 798 1185 tempori
827 1111 1018 1168 mendacium

81 1202 157 1274 fuit,
185 1205 354 1265 invidiam⁸
383 1207 557 1282 crimenque
589 1210 751 1284 agnovisse
784 1211 815 1266 et
836 1227 854 1266 a
879 1209 1019 1284 partibus
1062 1240 1065 1244 ·

80 1303 203 1364 Vitellii
225 1305 368 1364 amolitus
389 1307 564 1366 videbatur.

341 192 432 238 emsa
450 197 495 238 111.
520 137 586 241 cir.
611 181 744 241 74-77.

63 1466 66 1473 .
121 1422 173 1481 76.
190 1423 289 1482 Isdem
301 1425 407 1484 diebus
419 1426 453 1486 L.
464 1427 609 1486 Vitellius
621 1428 730 1502 positis
742 1426 822 1501 apud
834 1426 997 1483 Feroniam
1008 1428 1016 1461 ¹

77 1521 190 1578 castris
215 1523 333 1581 excidio
363 1523 558 1582 Tarracinae²
587 1525 782 1591 imminebat,
814 1522 926 1581 clausis
953 1524 1017 1581 illic

77 1618 302 1695 gladiatoribus
330 1624 571 1698 remigibusque,
604 1623 655 1698 qui
682 1640 742 1681 non
772 1622 875 1697 egredi
905 1625 1018 1680 moenia

76 1734 179 1792 neque
205 1720 375 1793 periculum
408 1721 439 1778 in
468 1725 575 1796 aperto
604 1721 768 1778 audebant.
797 1722 952 1790 Praeerat,
983 1724 1018 1779 ut

76 1834 173 1894 supra
194 1809 443 1889 memoravimus
471 1819 614 1879 Julianus
640 1819 876 1892 gladiatoribus,
901 1821 1016 1894 Apolli·

75 1917 164 1976 naris
191 1917 374 1992 remigibus,
410 1915 541 1973 lascivia
576 1917 773 1989 socordiaque
809 1916 1016 1990 gladiatorum

74 2016 178 2090 magis
199 2033 289 2090 quam
304 2015 413 2072 ducum
431 2014 556 2074 similes.
589 2014 660 2072 Non
675 2013 801 2088 vigilias
820 2031 926 2088 agere,
955 2033 1015 2072 non

76 2114 181 2171 intuta
195 2114 340 2171 moenium
355 2111 494 2179 firmarc;
508 2114 599 2168 noctu
616 2112 724 2185 dieque
739 2111 834 2168 fluxi³
849 2115 880 2169 et
896 2129 1016 2169 amoena

74 2211 203 2269 litorum
218 2210 450 2286 personantes&
468 2210 500 2266 in
514 2209 739 2267 ministerium⁵
754 2209 845 2266 luxus
866 2209 1014 2283 dispersis

74 2307 244 2375 militibus,
261 2307 297 2364 de
312 2305 392 2364 bello
407 2308 528 2363 tantum
543 2306 625 2363 inter
640 2306 784 2363 convivia
798 2304 1011 2379 loquebantur.

74 2407 197 2465 Paucos
217 2408 290 2463 ante
305 2405 370 2462 dies
394 2405 576 2462 discesserat
596 2404 727 2479 Apinius
749 2404 839 2470 Tir0,
868 2403 1015 2476 donisque

75 2521 115 2561 ac
138 2505 276 2579 pecuniis
300 2504 408 2561 acerbe
433 2520 488 2577 per
513 2503 681 2577 municipia
709 2502 925 2575 conquirendis
946 2500 1014 2575 plus

72 2588 204 2660 invidiae
225 2619 315 2677 quam
335 2600 451 2657 virium
469 2600 609 2674 partibus
624 2600 765 2658 addebat.

118 2718 169 2776 77.
194 2715 323 2774 Interim
344 2715 382 2772 ad
404 2715 440 2775 L.
454 2713 613 2774 Vitellium
635 2730 742 2771 servus
761 2713 903 2786 Verginii
924 2713 1013 2788 Capi·

109 2878 132 2919 6.
151 2871 298 2921 coasultum
309 2885 344 2918 sc.
358 2885 420 2928 esse,
435 2885 484 2935 que
496 2869 520 2917 la

76 2937 136 3001 pain
147 2953 162 3001 y
173 2952 261 3001 gagna.

110 3009 132 3050 7.
151 3002 287 3064 Cogiteret,
313 3001 337 3049 lc
358 2997 423 3061 subj.
446 3015 520 3064 parce

76 3081 127 3180 que
142 3066 247 3115 l’auteur
264 3075 381 3130 rapporte
398 3065 519 3129 l'opinion

96 3131 192 3180 ’autrui

109 3205 131 3246 8.
160 3198 285 3246 inuidiam
314 3199 464 3259 crimenque.
498 3195 519 3245 ll

76 3262 189 3311 semblait
206 3261 313 3326 prendre
337 3278 379 3310 sur
401 3261 436 3309 lui
466 3271 519 3310 tout

75 3327 183 3377 l'odicux
194 3327 229 3375 du
241 3327 325 3378 crime.
345 3326 383 3376 cf.
402 3326 460 3391 Agr.
474 3334 516 3376 42:

75 3393 185 3457 beneficii
196 3395 303 3441 invidia.

111 3466 163 3508 10.
181 3466 202 3507 1.
215 3459 365 3518 Feroniam,
382 3460 472 3523 eupres
483 3456 518 3505 du

571 2869 662 2932 temple
685 2867 716 2916 de
740 2868 762 2915 la
786 2868 872 2916 deesse
894 2867 1011 2926 Fc'ronie,

570 2933 634 2982 silue
646 2937 660 2980 a
673 2932 732 2981 trois
741 2933 821 2981 milles
830 2933 861 2981 de
870 2932 1010 2981 Terracine.

603 3006 625 3047 2.
651 2999 804 3054 Tarracina,
836 3014 878 3045 sur
906 2998 930 3045 la
959 2998 1013 3047 vole

570 3062 714 3127 Appienne,
728 3067 742 3111 a
754 3062 899 3111 l'cxrromite'
909 3062 952 3109 des
964 3079 1013 3111 ma-

570 3128 617 3176 rais
630 3128 747 3185 Pontius,
765 3131 820 3191 pres
834 3128 865 3175 dc
881 3127 904 3174 la
916 3143 976 3174 mer.

602 3202 624 3243 3.
643 3195 664 3242 F
665 3196 731 3251 lumi,
740 3192 834 3241 liurdsd
844 3194 866 3240 la
873 3191 1009 3241 debauchc.

601 3267 624 3307 4.
643 3260 820 3315 personantes,
855 3257 1011 3321 rcmplissant

569 3324 603 3373 du
616 3323 684 3373 bruit
701 3324 732 3372 de
744 3324 810 3372 leurs
822 3321 1009 3385 rejouissanccs.

601 3398 623 3437 5.
643 3391 673 3438 la
685 3392 853 3437 ministerium
868 3390 956 3445 lucus,
979 3404 1011 3436 au

568 3455 660 3506 service
672 3455 704 3504 de
715 3455 782 3504 leurs
794 3453 943 3503 de'bauchcs.

887 3553 913 3597 14
