2346 3922
357 243 447 308 urana
467 245 489 286 1.
513 243 580 288 cnr.
604 229 737 289 38-41.
988 230 1029 288 43

82 374 210 450 lugubri
223 375 416 450 prospectu2.
446 375 554 450 Neque
569 375 674 451 populi
696 393 732 434 ac
754 374 852 451 plebis
866 375 931 434 ulla
947 393 1028 447 vox,

84 473 136 531 sed
151 474 281 532 attoniti
302 473 408 533 vultus
429 477 460 532 et
483 491 639 532 conversae
659 475 697 532 ad
716 475 819 532 omnia
833 491 941 543 aures,
967 491 1030 532 nou

83 574 253 645 tumultus,
271 592 331 633 non
346 576 451 651 quies,
465 575 554 650 quale
569 576 673 650 magni
684 578 784 633 metus
795 576 826 632 et
841 591 961 649 magnae
973 576 1029 633 irae

85 673 245 731 silentium
260 675 317 734 est.
346 674 461 732 Othoni
475 678 578 733 tamen
594 674 708 730 armari
730 673 848 748 plebem
864 674 1028 732 nuntiaba-

84 772 155 827 tur:
173 769 220 827 ire
235 770 411 845 praecipites
426 772 457 828 et
472 770 639 844 occupare³
653 769 791 844 pericula
801 767 902 843 jubet.
927 771 1031 845 Igitur

87 867 199 926 milites
218 869 369 938 Romani,
393 869 481 943 quasi
496 868 681 944 vologesum
696 871 750 926 aut
770 869 923 926 Pacorum
944 870 1030 927 auito

86 966 321 1024 Arsacidarum⁴
356 967 432 1024 solio
467 967 624 1042 depulsuri
659 984 694 1023 ac
720 983 779 1023 non
812 967 1031 1041 imperatorem

85 1080 172 1120 suum
188 1063 336 1121 inermem
355 1065 387 1121 et
402 1081 504 1121 senem
524 1064 680 1121 trucidare
695 1067 875 1136 pergerent,
901 1062 1032 1138 disjecta

85 1161 190 1236 plebe,
217 1160 394 1235 proculcato
415 1166 539 1231 senatu,
562 1166 665 1220 truces
687 1162 796 1229 armis,
826 1161 929 1235 rapidi
944 1163 1031 1236 equis

84 1261 186 1317 iorum
213 1260 399 1334 irrumpunt.
438 1261 503 1319 Neo
531 1261 602 1318 illos
631 1259 776 1333 Capitolii
807 1260 970 1334 adspectus
1002 1264 1033 1318 et

83 1359 329 1417 imminentium⁵
344 1359 528 1434 templorum
547 1358 677 1434 religic⁶
698 1360 729 1414 et
749 1358 868 1432 priores
884 1361 914 1416 et
930 1357 1030 1416 futuri

86 1458 243 1532 principes
263 1461 402 1515 terruere
428 1475 487 1532 quo
512 1458 613 1516 minus
637 1457 775 1516 facerent
800 1459 913 1528 scelus,
942 1458 1031 1533 cujus

86 1558 169 1616 ultor
184 1559 231 1616 est
247 1558 385 1632 quisquis
401 1559 557 1619 suecessit.

128 1657 179 1717 41.
203 1656 278 1715 Viso
298 1657 467 1715 comminus
485 1660 674 1715 armatorum
689 1657 811 1731 agmine
826 1656 1027 1715 vexillarius¹

85 1756 240 1812 comitatae
259 1755 388 1814 Galbam
403 1755 538 1813 cohortis
554 1755 695 1832 (Atilium
710 1754 920 1828 Vergilionem
935 1753 1030 1812 fuisse

85 1853 228 1932 tradunt)
261 1854 419 1928 dereptam
454 1855 559 1913 Galbae
594 1855 778 1928 imaginem²
807 1853 871 1910 solo
903 1852 1026 1914 afflixit,

88 1953 133 2009 Eo
148 1951 237 2027 signo
251 1950 416 2010 manifesta
441 1952 474 2008 in
496 1952 646 2010 Othonem
661 1952 796 2009 omnium
815 1950 948 2007 militum
965 1954 1026 2008 stu-

85 2047 152 2115 dia,
171 2047 325 2104 desertum
350 2045 424 2120 iuga
445 2048 550 2122 populi
565 2048 680 2115 forum,
697 2048 865 2105 destricia³
879 2047 1028 2104 adversus

86 2146 264 2204 dubitantes
285 2145 359 2206 tela.
384 2146 481 2205 Juxta
502 2147 603 2205 Curtii
624 2146 742 2204 laeum⁴
764 2146 972 2220 trepidatione
987 2144 1028 2203 ie-

87 2287 222 2337 tribunaux
250 2297 274 2337 et
300 2291 332 2337 οὺ
359 2304 386 2337 se
409 2287 534 2336 trailaieut
617 2289 922 2338 41.1.Vcaillariuscst
941 2287 972 2336 ici
991 2305 1029 2352 sy-

87 2355 123 2402 les
141 2353 239 2402 ass'aires
255 2353 286 2402 de
303 2369 449 2403 commarca.
468 2353 534 2402 Elles
583 2350 689 2419 nenym'e
705 2353 736 2402 de
752 2355 879 2416 vexillifer
898 2370 930 2402 ou
949 2354 1030 2417 plauit

87 2419 185 2467 avaient
195 2434 244 2467 une
256 2418 300 2467 nei
310 2418 448 2482 principale
457 2427 481 2466 et
490 2418 534 2466 des

87 2484 142 2532 uels
162 2485 289 2541 laterales,
314 2487 428 2549 separees
450 2483 482 2532 de
511 2484 535 2532 la

87 2549 210 2614 premiere
222 2564 267 2613 par
280 2549 324 2597 des
336 2548 495 2599 colonnadcs.

120 2648 143 2688 2.
154 2638 211 2687 Abi.
221 2639 252 2687 de
262 2640 285 2687 la
295 2639 389 2703 qualite'
399 2659 404 2687 :
416 2637 473 2687 d'od
483 2637 533 2687 l'on

87 2704 249 2768 contemplait
275 2721 309 2753 un
335 2703 441 2769 lugubre
466 2718 534 2768 spec-

90 2770 305 2898 tagla-occupare,
324 2833 447 2899 prevenir.

121 2931 144 2973 l.
164 2923 254 2973 Arsace
269 2924 307 2973 lut
318 2925 341 2972 le
352 2924 483 2973 fendatour
500 2924 534 2973 du

88 3005 206 3054 royaume
228 2990 272 3038 des
295 2989 397 3038 Parthas
417 2999 441 3038 et
459 2990 491 3038 de
511 2991 534 3038 la

89 3053 202 3120 dynastia
220 3055 264 3103 des
282 3055 421 3112 Arsacides,
440 3071 471 3102 on
493 3062 534 3104 256

90 3136 127 3168 av.
139 3120 202 3169 Η).
216 3120 250 3168 Le
262 3119 299 3168 roi
314 3121 434 3184 Vologese
448 3119 485 3168 lut
503 3137 535 3168 cn

89 3201 178 3248 guerre
194 3200 252 3234 avec
269 3185 346 3234 Rome
366 3201 423 3232 sous
441 3186 533 3235 Neron.

90 3251 110 3298 11
129 3249 192 3298 avait
210 3249 293 3299 denne'
313 3252 337 3299 la
356 3249 436 3299 Medic
456 3253 470 3299 d
490 3267 535 3299 son

90 3315 156 3364 irdre
168 3316 284 3365 Pacorus.

123 3403 147 3444 5.
166 3396 365 3455 imminentium,
375 3395 503 3446 domiuaut
512 3397 535 3445 le

90 3463 182 3512 iorum.

123 3534 147 3575 b.
166 3527 273 3591 Religio,
286 3527 311 3576 la
322 3526 435 3579 saintete.

584 2418 615 2466 de
635 2421 754 2482 signifer,
776 2432 871 2468 comme
899 2435 931 2466 un
957 2418 1031 2467 disait

584 2483 787 2533 ordinaircment.

616 2557 639 2597 2.
658 2548 765 2614 L’image
783 2549 814 2597 de
833 2547 981 2624 l'empereur
999 2564 1030 2596 cn

583 2613 698 2663 icrmcde
708 2613 841 2664 me'daillcn
849 2617 909 2663 etart
919 2614 1032 2663 attachee

584 2681 598 2727 a
610 2679 634 2728 la
643 2680 732 2743 hampe
742 2679 773 2728 de
785 2679 929 2744 l'enseignc.

615 2753 637 2794 3.
669 2746 822 2810 Remarqucz
860 2743 1028 2809 l'asyudetou,

582 2809 627 2921 gui
640 2809 743 2875 indique
756 2811 779 2859 la
789 2809 930 2861 successiou
944 2809 1030 2873 rapide

601 2891 626 2923 cs
639 2875 704 2924 suits.
726 2877 754 2924 V.
768 2892 804 2940 gr.
819 2877 851 2925 de
865 2876 892 2924 T.
909 2881 958 2924 180.

615 2947 639 2988 4.
659 2940 679 2989 l
697 2956 725 2990 oe
746 2942 784 2989 luc
802 2943 831 2989 de
848 2942 964 2997 Curtius,
986 2939 1029 3004 qui

584 3004 643 3054 erait
666 3021 697 3054 au
721 3005 806 3055 milieu
828 3005 862 3055 du
887 3005 980 3062 iorum,
1003 3020 1029 3053 se

585 3071 693 3119 rattaohe
713 3071 737 3119 la
754 3070 846 3121 double
865 3069 982 3118 tradition
999 3069 1030 3118 de

584 3135 683 3184 Mettius
695 3136 796 3185 Curtius
813 3135 965 3186 combuttant
985 3135 1032 3184 Ra-

584 3201 666 3248 mulus
678 3205 692 3248 a
705 3202 728 3248 la
741 3200 804 3250 suite
813 3201 845 3249 de
858 3200 1030 3249 l'enlevement

584 3266 629 3314 des
646 3264 763 3323 Sabiucs,
785 3276 810 3314 et
830 3267 862 3314 de
880 3267 912 3314 M.
931 3264 1030 3314 Curtius

584 3346 610 3379 se
631 3330 780 3394 precipitant
801 3347 858 3380 avec
880 3346 924 3379 son
945 3330 1030 3378 cheval

585 3397 646 3444 dans
654 3412 687 3443 uu
697 3395 800 3460 gouffre.
808 3397 842 3445 Le
851 3412 908 3444 nem
919 3404 956 3443 est
966 3398 1031 3443 reste

586 3464 600 3509 d
618 3459 734 3509 l'eudreit
752 3465 783 3511 ed
797 3460 835 3510 fut
852 3462 909 3524 plus
925 3459 979 3507 tard
996 3476 1029 3507 un

587 3525 1027 3592 bassinaiimcutdparlesaqucducs.
