2326 3922
408 222 551 266 CORNELII
572 221 673 266 Tuom
692 182 905 265 msuouiauund

187 209 245 267 114

185 357 275 416 fratri
300 357 379 434 apud
408 356 557 417 Othonem
584 354 732 414 militanti
759 354 964 431 proditionem
991 354 1115 426 ageret,

185 474 252 513 eum
267 456 393 514 fratrem
408 455 489 532 ejus,
507 454 623 515 Julium
637 454 823 514 Frontonem
838 453 1007 520 tribunum,
1025 452 1117 510 Otho·

184 552 269 611 niani
291 554 347 611 sub
362 552 466 611 eodem
481 552 608 610 erimine
623 552 807 611 vinximent.
834 552 976 610 Ceterum
998 567 1035 608 ea
1052 548 1118 606 ubi·

184 668 242 725 que
256 651 384 709 formido
398 650 457 708 suit
472 651 551 727 apud
566 649 734 725 fugientes,
752 650 973 717 occursantes2,
991 647 1023 704 in
1039 646 1115 714 acie,

183 749 257 824 pro3
271 748 369 818 vallo,
389 751 424 806 ut
444 747 539 806 deleri
560 764 627 806 cum
649 749 792 806 universo
813 747 950 805 exercitu
966 745 1118 805 Caecinam

183 849 333 924 potuisse,
362 849 393 906 ni
416 849 578 907 Suetonius
600 846 750 905 Paulinus
774 845 910 920 receptui
937 843 1115 912 cecinisset,

182 947 320 1020 utrisque
343 947 374 1004 in
396 946 535 1022 partibus
556 944 792 1020 percrebruerit.
823 936 974 1001 Timuisse
988 959 1021 999 se
1037 943 1117 1000 Pau·

182 1042 263 1102 linus
277 1044 394 1103 ferebat
408 1045 528 1102 tantum
543 1044 668 1119 insuper
681 1042 795 1100 laboris
809 1043 901 1115 atque
916 1041 1055 1108 itineris,
1080 1057 1118 1098 ne

183 1143 368 1201 Vitellianus
382 1142 470 1200 miles
490 1159 596 1200 recens
616 1159 633 1198 e
654 1140 763 1198 castris
783 1136 877 1197 fessos
897 1137 1119 1212 aggrederetur

182 1243 214 1298 et
228 1241 376 1316 perculsis
390 1240 507 1298 nullum
518 1241 601 1297 retro
616 1238 784 1298 subsidium
798 1236 887 1294 foret.
904 1237 993 1312 Apud
1004 1253 1117 1311 paucos

183 1357 220 1397 ea
230 1339 314 1396 ducis
329 1339 427 1396 ratio⁴
442 1338 580 1413 probata,
598 1338 629 1394 in
641 1336 751 1412 vulgus
766 1336 894 1394 adverso
908 1351 1030 1392 rumore
1043 1334 1114 1392 suit.

222 1471 273 1528 27.
297 1469 386 1527 Haud
406 1469 532 1544 perinde
553 1468 584 1526 id
598 1467 740 1525 damnum
755 1465 938 1527 Vitellianos
954 1467 985 1523 in
1001 1468 1116 1524 metum

181 1567 327 1642 compulit
342 1569 449 1643 quaml
465 1568 503 1625 ad
524 1565 925 1640 modestiam2'c0mposuit3
948 1583 1003 1622 uec
1018 1565 1115 1623 solum

180 1666 260 1739 apud
289 1665 456 1734 Caecinam,
488 1665 539 1740 qui
568 1666 688 1741 culpam
720 1665 751 1722 iu
781 1664 910 1722 militem
939 1662 1116 1722 conferebat

181 1763 323 1821 seditioni
345 1762 441 1836 magis
463 1779 552 1836 quam
573 1763 681 1838 proelio
702 1765 859 1838 paratum;
881 1762 972 1822 Fabii
998 1779 1115 1838 quoque

181 1860 319 1918 Valentis
344 1861 439 1935 copiae
464 1859 537 1934 (jam
561 1861 642 1917 enim
668 1860 828 1919 Ticinum³
852 1859 989 1935 venerat)
1016 1860 1115 1936 posito

181 1959 313 2016 hostium
341 1960 515 2033 contemptu
541 1960 571 2016 et
596 1958 786 2035 reciperandi
812 1960 947 2019 decoris⁴
973 1959 1116 2035 cupidine

180 2057 371 2114 reverentius
396 2058 427 2113 et
452 2055 598 2130 aequalius
619 2057 686 2114 duci
713 2059 872 2134 parebant.
904 2058 1016 2118 Gravis
1040 2058 1114 2117 alio-

181 2155 273 2228 quin⁵
302 2153 411 2212 seditio
436 2156 609 2224 exarserat,
638 2172 728 2230 quam
752 2156 862 2215 altiore
891 2156 980 2213 initio
1008 2155 1115 2230 (neque

181 2252 263 2309 enim
287 2269 389 2309 rerum
410 2270 429 2311 a
450 2253 570 2312 Caecina
591 2256 744 2327 gestarum
769 2256 905 2313 ordinem
931 2254 1115 2329 interrumpi

182 2351 368 2425 oportuerat)
384 2352 531 2426 repetam.
560 2353 704 2411 Cohortes
719 2353 921 2422 Batavorum,
946 2368 1020 2427 quas
1036 2351 1115 2410 bello

181 2448 211 2507 N
214 2449 334 2506 eronis⁶
348 2467 367 2507 a
381 2451 491 2523 quarta
505 2450 621 2509 decima
641 2449 762 2524 legione
777 2450 945 2524 digressas,
963 2467 1030 2508 cum
1047 2448 1114 2509 Bri-

214 2618 237 2659 2.
257 2609 432 2683 occursantes,
451 2625 514 2659 ceux
526 2609 569 2675 qui
585 2626 624 2661 ac·

181 2684 317 2725 comerent.

214 2749 236 2789 3.
264 2740 316 2789 Pro
330 2740 409 2798 vello,
429 2757 471 2789 sur
483 2740 519 2790 les
532 2751 624 2790 retran-

149 2837 151 2840 -
181 2805 317 2855 chements.
331 2806 359 2855 V.
373 2822 410 2870 gr.
424 2805 456 2854 de
467 2807 495 2856 T.
511 2815 560 2856 153.

212 2879 235 2920 4.
255 2871 340 2928 Retio,
357 2872 450 2931 calcul,
462 2871 588 2921 couduite.

217 2957 269 2998 u.
283 2958 302 2998 1.
316 2950 425 2998 Perinde
434 2966 521 3013 quem,
532 2966 563 3000 au
573 2952 623 3003 lieu

181 3016 212 3065 de
223 3013 311 3078 l'enpr.
331 3015 453 3079 classique
468 3019 573 3078 perinde
582 3036 620 3068 oc.

214 3089 237 3128 2.
266 3081 426 3139 Modestiune,
463 3081 620 3142 obeissanee‚

181 3144 321 3208 discipline.

214 3219 236 3260 3.
253 3211 373 3269 Ticinum,
387 3211 460 3259 suria
470 3209 519 3260 rive
528 3213 622 3277 gauche

182 3275 216 3325 du
228 3275 327 3324 Ticinus
339 3276 444 3340 (Tc'sin),
458 3293 507 3326 non
522 3278 572 3327 lein
591 3280 622 3328 de

181 3357 226 3390 son
250 3340 416 3390 embouchure
441 3341 503 3390 dans
526 3345 549 3393 le
572 3345 620 3404 Pb,

181 3404 230 3469 auj.
245 3405 326 3456 Pavic.

213 3480 236 3524 4.
264 3472 430 3536 Reciperandi
453 3473 560 3532 decoris,
590 3473 622 3524 de

672 2611 1117 2677 reccurrerl'honneurqu’ilsavaieut

672 2677 751 2740 perdu
769 2693 813 2741 par
825 2679 848 2726 la
860 2677 966 2727 sedition
984 2694 1033 2744 que
1054 2680 1114 2729 l‘au-

672 2751 728 2790 tour
739 2757 767 2790 ua
779 2753 899 2792 recenter.

706 2815 727 2856 5.
746 2808 876 2870 Alioquin,
902 2808 963 2857 dans
986 2827 1020 2858 un
1044 2820 1115 2861 autre

673 2880 765 2937 temps,
775 2884 933 2938 auparavant.
946 2875 980 2924 Ge
992 2885 1043 2925 mot
1052 2893 1115 2926 mar-

673 2952 722 3001 que
743 2938 774 2987 ici
791 2940 814 2987 le
834 2948 925 3004 temps,
939 2956 1033 2990 comme
1048 2943 1114 2999 Anu,

673 3002 716 3060 Ill,
730 3010 757 3051 8:
779 3019 835 3052 cum
853 3007 986 3054 incallidus
1003 3009 1116 3070 alioquin

672 3068 711 3131 (en
719 3077 787 3117 toute
799 3079 868 3118 autre
881 3071 1002 3132 occasion)
1011 3100 1044 3108 -
1053 3076 1116 3122 cerei-

671 3132 735 3182 libus
748 3141 801 3182 turn
813 3135 910 3184 ortibus
923 3144 1046 3186 uteretur.

704 3221 726 3262 6.
745 3215 812 3264 Belle
823 3217 937 3267 Neronis.
960 3219 981 3267 ll
997 3219 1067 3284 s'agit
1080 3219 1114 3269 du

671 3281 839 3330 soulevement
851 3292 935 3332 contre
947 3285 1042 3341 Neron,
1056 3301 1115 3350 pen-

671 3345 731 3393 dant
759 3347 841 3411 lequel
871 3348 906 3397 les
929 3349 1045 3407 Batavcs,
1070 3351 1114 3414 qui

671 3409 764 3459 etaient
780 3413 844 3461 alors
864 3428 920 3462 avec
938 3415 961 3461 la
979 3422 1015 3462 1⁴1e
1031 3415 1113 3480 legion

671 3491 702 3525 eu
720 3476 854 3536 Dalmatia,
874 3495 900 3527 sc
920 3482 1063 3544 separerent
1081 3481 1115 3531 de
