2346 3922
80 219 139 279 120

79 365 139 423 nisi
157 363 308 422 militibus
329 363 441 432 eredit,
466 365 595 442 imperia
611 366 719 424 ducum
737 364 768 421 in
790 364 927 422 incerto⁵
950 364 1021 421 reli·

80 463 199 537 querat.
582 446 584 451 ’

119 569 170 626 34.
195 565 283 626 Nihil
298 582 401 623 eorum
416 565 598 625 Vitellianos
613 565 752 636 fallebat,
770 567 896 635 crebris,
915 568 967 623 utl
986 568 1020 623 in

79 665 165 723 civili
185 664 279 732 bello,
301 662 497 738 transfugiis;
523 667 554 722 et
576 664 783 739 exploratores
803 682 876 722 cura
899 664 1024 722 diversa

80 762 273 822 sciscitandi²
302 778 356 819 sua
385 779 444 818 non
474 763 677 836 occultabant.
715 763 818 828 Quieti
847 763 1023 836 intentique

81 861 201 920 Caecina
215 878 250 918 ac
266 859 378 918 Valens
395 845 535 933 uuando³
551 860 647 917 hostis
674 861 879 935 imprudentia
899 862 1019 927 rueret,

82 960 160 1032 quod
180 959 246 1016 loco
268 957 427 1032 sapientiae
447 958 520 1025 est⁴‚
548 957 679 1014 alienam
700 958 865 1016 stultitiam
885 958 1022 1032 opperie-

81 1057 204 1126 bantur,
243 1056 384 1113 inchoato
420 1056 512 1129 ponte
541 1055 705 1112 transitum
735 1056 812 1113 Padi
843 1055 1024 1112 simulantes

81 1152 226 1210 adversus
249 1151 420 1227 oppositam
440 1150 644 1224 gladiatorum
665 1169 802 1221 manum,
824 1154 877 1210 ac⁵
890 1169 927 1209 ne
943 1153 1023 1226 ipso-

82 1268 149 1308 rum
175 1250 262 1307 miles
282 1267 374 1324 segne
397 1249 493 1306 otium
516 1251 659 1307 16161616.
687 1250 791 1309 Nares
806 1250 873 1324 pari
889 1250 970 1306 inter
991 1266 1024 1306 se

83 1347 182 1422 spatio
199 1347 311 1404 validis
326 1345 498 1419 utrimque⁷
518 1347 657 1404 trabibus
672 1365 794 1405 conexae
808 1347 970 1405 adversum
991 1348 1022 1404 in

83 1448 195 1505 flumen
211 1444 440 1520 dirigebantur8
447 1443 541 1518 jactis
557 1444 698 1520 insuper9
712 1446 833 1503 ancoris
847 1463 914 1520 quae
928 1445 1023 1503 firmi-

83 1544 179 1600 tatem
201 1540 303 1616 pontis
322 1542 514 1600 continerent
522 1544 555 1612 1⁰;
584 1543 635 1600 sed
656 1560 836 1601 ancorarum
854 1544 941 1602 funes
962 1563 1023 1602 non

84 1641 202 1698 extenti
227 1627 404 1710 fluitabant,
433 1642 467 1698 ut
495 1644 679 1716 augescente
703 1642 827 1699 flumine
856 1641 1024 1699 inoffensus

83 1741 156 1799 ordo
172 1739 296 1798 nauium
316 1739 519 1797 attolleretur.
549 1739 715 1798 Claudebat
733 1743 856 1816 pontem
877 1741 1021 1816 imposita

23 1863 24 1866 ¹
84 1838 180 1895 turris
196 1840 227 1897 et
242 1837 273 1893 in
289 1839 457 1896 extremam
472 1855 581 1896 navem
597 1839 706 1896 educta
716 1840 748 1907 ¹¹,
767 1839 846 1895 unde
861 1839 1024 1896 tormentis

84 1953 120 1994 ac
135 1936 284 1994 machinis
300 1936 404 1994 hostes
428 1936 690 2011 propulsarentur.
719 1936 886 1995 Othoniani
908 1938 940 1993 in
955 1937 1025 2011 ripa

85 2034 197 2092 turrim
214 2035 392 2092 struxerant
412 2051 545 2108 saxaque
564 2036 595 2092 et
614 2032 694 2093 faces
710 2034 937 2111 jaculabantur.

127 2137 176 2198 35.
202 2139 242 2195 Et
261 2139 326 2194 erat
348 2136 465 2194 insulal
491 2155 578 2195 amne
604 2139 717 2207 medi0‚
742 2138 774 2194 in
794 2155 885 2212 quam
906 2138 1023 2212 gladia-

85 2239 167 2294 tores
188 2236 316 2294 navibus
331 2235 519 2303 molientes2‚
543 2236 687 2294 Germani
703 2236 802 2294 nando
818 2236 1024 2311 praelabeban-

304 232 447 276 CORNELII
468 233 568 277 Tactrt
588 234 799 278 HISTORIARUM

120 2389 142 2431 5.
161 2383 193 2431 Se
209 2381 305 2430 defient
324 2379 368 2428 des
389 2380 529 2444 genereus,

87 2445 105 2494 il
118 2446 206 2495 n'aueit
217 2447 284 2511 regie
305 2445 331 2494 ni
346 2446 401 2495 leur
422 2443 530 2510 position

45 2578 48 2580 q
87 2510 113 2561 ni
126 2514 180 2561 leur
194 2513 362 2576 competcnce.

53 2603 59 2608 ·
123 2600 177 2642 Μ.
196 2602 216 2641 1.
238 2594 314 2643 Utsc.
327 2592 365 2656 fit.

122 2666 144 2707 2.
175 2659 280 2708 Diversa
308 2659 463 2716 sciscitandi,
500 2657 532 2707 de

89 2722 228 2773 s’inlormer
240 2723 272 2771 de
290 2739 319 2771 ce
337 2722 423 2786 quise
441 2723 533 2787 passait

89 2788 151 2838 dans
163 2791 186 2838 16
199 2787 262 2853 parti
275 2791 376 2852 oppose'.

123 2879 144 2920 3.
158 2871 250 2920 Intenti
258 2897 290 2906 -
300 2871 412 2931 qrcnndc,
422 2869 532 2919 attentils

90 2951 121 2985 au
134 2945 241 2985 moment
254 2939 285 2984 ott
298 2933 444 2983 l'ennemi...

122 3009 144 3049 4.
164 3003 236 3062 Quod
246 3029 279 3037 -
291 3007 326 3049 est
344 3015 370 3048 se
387 3009 502 3065 rapporte
519 3002 533 3048 d

90 3066 114 3114 la
127 3065 282 3130 proposition
296 3064 416 3114 suivantc.

123 3156 145 3196 5.
171 3148 206 3196 Ac
226 3146 258 3196 lie
270 3163 300 3195 ne
310 3175 319 3183 ·
329 3154 419 3196 tereret
433 3149 534 3195 dsimu-

90 3215 182 3288 lontcs3
211 3228 260 3260 une
283 3211 436 3276 proposition
462 3216 476 3260 a
499 3229 533 3261 un

91 3288 222 3343 participe.

123 3366 146 3409 6.
167 3360 232 3408 Pour
243 3374 273 3407 ne
286 3373 329 3423 pes
340 3357 427 3407 laisser
439 3359 475 3407 les
487 3359 534 3407 sol-

91 3424 145 3473 dats
164 3440 248 3489 passer
264 3425 318 3472 leur
334 3432 413 3489 temps
432 3424 494 3474 dans
510 3426 533 3473 le

92 3506 164 3557 tepos
179 3500 204 3538 et
215 3488 341 3540 l'oisivete'.

615 2386 636 2427 7.
657 2378 796 2442 Utrimque,
814 2380 858 2428 des
871 2380 936 2428 deux
956 2383 1024 2430 cote's

580 2466 613 2486 =
625 2461 673 2494 aux
686 2444 751 2492 deux
763 2443 913 2494 extremitas.

614 2516 636 2558 8.
660 2510 799 2558 Adversum
812 2539 821 2546 -
834 2510 1022 2573 diripebubtur,

582 2574 678 2624 avaient
690 2576 745 2623 loun
753 2591 830 2639 prone
838 2575 931 2640 dirigc'e
939 2586 1025 2626 contre

582 2642 605 2689 16
618 2650 730 2689 courent.

615 2714 637 2755 9.
656 2707 733 2756 ductis
749 2707 854 2767 insuper
865 2708 978 2763 ancoris,
992 2722 1024 2755 on

582 2772 645 2820 avait
659 2787 689 2818 on
699 2780 769 2819 outre
778 2769 830 2832 jetti
839 2770 882 2818 des
894 2787 989 2820 encres.

599 2844 633 2885 10.
653 2838 718 2885 Pour
733 2835 865 2884 maintenir
881 2837 904 2884 la
925 2836 1025 2886 solidite

583 2902 616 2951 du
629 2911 699 2966 pont.

600 2975 634 3016 lt.
648 2967 754 3016 Educta.
763 2966 809 3014 Les
818 2966 918 3015 enciens
928 2967 1025 3015 avaient

582 3032 626 3080 dos
649 3041 716 3080 tours
738 3031 842 3080 mobiles
863 3033 961 3096 place'es
982 3049 1025 3082 sur

582 3097 626 3146 des
644 3113 731 3154 roues;
750 3099 839 3146 eductu
856 3108 960 3145 nerent
980 3115 1024 3162 pas

582 3163 635 3210 dire
648 3162 678 3210 ici
691 3161 838 3217 construite,
852 3164 947 3217 eleve'e,
963 3163 1024 3211 mais

582 3229 679 3286 roule'c,
700 3230 801 3276 amende
821 3244 864 3275 sur
884 3229 907 3276 le
924 3228 1024 3277 dernier
1043 3251 1044 3254 ¹

582 3293 681 3342 bateau.

617 3366 670 3406 85.
684 3367 704 3407 1.
715 3359 810 3416 Insula,
822 3374 855 3406 un
867 3373 916 3422 peu
928 3358 1026 3406 au-des·

583 3440 639 3473 sous
652 3423 683 3473 de
692 3422 874 3472 l'ernbouchurc
883 3424 915 3471 de
925 3421 1021 3474 l'Adde.

615 3497 637 3540 2.
657 3489 709 3553 Quo
721 3489 756 3539 los
768 3489 918 3556 gladiateurs
931 3488 1023 3562 6161161-
