2346 3922
335 265 426 308 urana
446 264 485 310 11,
504 264 570 308 ons.
594 247 726 310 51-54,
954 246 1013 306 135

76 397 258 458 Marcellum
279 397 426 476 Eprium¹
452 399 486 457 ut
507 398 650 474 ambigua
664 397 862 458 disserentem
884 395 1009 456 invasit.

76 497 164 555 Nec²
184 498 278 557 ceteri
301 496 469 556 sententias
489 496 688 572 aperiebant;
717 493 769 553 sed
794 495 927 553 invisum
952 509 1012 551 me·

76 595 177 653 moria
191 594 377 655 delationum
398 594 629 670 expositumque
649 593 686 652 ad
708 593 856 652 invidiam
874 590 1014 651 Marcelli

77 712 188 752 nomen
217 694 396 753 irritaverat
421 693 585 761 Caecinam,
613 694 647 750 ut
673 708 770 750 novus
798 692 895 749 adhuc
924 692 956 747 et
981 689 1012 746 in

76 795 218 852 senatum
233 811 330 869 nuper
343 792 476 852 adscitus
491 792 611 868 magnis
631 790 804 849 inimicitiis
819 789 1009 847 claresceret.

74 892 287 951 Moderatione
315 893 474 951 meliorum
504 891 659 966 dirempti.
696 891 735 948 Et
763 889 881 947 rediere
910 903 1014 946 omnes

73 989 265 1048 Bononiam³
290 1007 397 1049 rursus
412 989 621 1058 consiliaturi;
640 987 730 1046 simul
745 987 844 1046 medio
865 985 1012 1060 temporis

74 1088 181 1164 plures
213 1089 314 1147 nuntii
351 1090 562 1164 sperabantur.
614 1086 776 1154 Bononiae,
814 1085 924 1143 divisis
959 1100 1015 1159 per

76 1185 193 1243 itinera
206 1184 258 1259 qui
278 1186 521 1244 recentissimum
542 1185 708 1260 quemque⁴
728 1187 1011 1261 percunctarentur,

76 1283 287 1359 interrogatus
302 1283 431 1342 Othonis
451 1282 581 1341 libertus
597 1299 718 1341 causam
732 1283 887 1360 digressus
903 1284 1014 1342 habere

76 1400 109 1443 se
124 1400 268 1458 suprema
288 1381 353 1458 ejus
373 1382 517 1440 mandata
541 1382 715 1457 respondit;
744 1383 842 1457 ipsum
858 1382 1014 1439 viventem

49 1544 52 1553 Ι
76 1478 202 1555 quidem
216 1477 372 1547 relictum,
391 1480 442 1537 sed
457 1479 522 1537 sola
536 1479 727 1554 posteritatis
743 1497 816 1537 eura
830 1481 861 1536 et
876 1478 1015 1553 abruptis

75 1573 409 1648 vitaeblandimentis5.
442 1575 700 1634 Hinc-admiratio
722 1580 753 1635 et
773 1578 864 1652 plura
885 1578 1014 1635 interro-

75 1672 172 1749 gandi
193 1673 300 1747 pudor,
323 1675 415 1747 atque
429 1674 565 1731 omnium
580 1673 675 1731 animi
698 1675 729 1731 in
744 1673 905 1734 Vitellium
929 1673 1015 1731 inoli-

76 1787 202 1830 navere.
306 1764 309 1771 ’

118 1865 171 1924 54.
194 1867 345 1926 Intererat
360 1869 495 1927 consiliis
509 1867 607 1927 frater
621 1867 686 1944 ejus
700 1868 736 1928 L.
753 1869 897 1928 Vitellius
919 1885 1015 1944 seque

71 1964 141 2042 jam
155 1963 350 2025 adulantibus
366 1966 526 2036 offerebat,
551 1985 619 2025 cum
633 1969 760 2042 repente
775 1968 900 2036 Coenus,
924 1967 1015 2026 liber-

75 2065 130 2121 tus
164 2062 311 2133 Neronis,
348 2065 444 2122 atroci
477 2065 634 2123 mendacio
669 2065 829 2124 universos
864 2066 1013 2140 perculit,

75 2161 232 2220 affirmans
251 2165 435 2237 superventu
451 2166 567 2239 quartae
589 2165 712 2222 decimae
734 2164 879 2240 legionis,
898 2164 1017 2238 junctis

75 2279 96 2320 a
121 2260 258 2318 Brixello
282 2261 417 2331 viribus,
446 2279 538 2320 caesos
559 2263 707 2333 victores,
730 2280 852 2321 versam
881 2263 1016 2337 partium

75 2359 244 2419 fortunam.
262 2358 360 2419 Causa
373 2359 508 2435 fingendi
529 2361 589 2420 fuit
610 2364 645 2420 ut
659 2362 842 2438 diplomata¹
865 2362 1013 2429 Othonis,

76 2474 147 2535 quae
168 2457 412 2534 negligebantur,
439 2459 557 2517 laetiore
583 2461 690 2519 nuntio
711 2460 947 2518 revalescerent.
975 2461 1016 2518 Et

77 2555 191 2614 Coenus
216 2554 336 2629 quidem
360 2556 474 2631 raptim
500 2559 531 2614 in
556 2558 663 2616 urbem
681 2561 787 2618 vectus
813 2574 924 2634 paucos
945 2557 1015 2632 post

113 2695 168 2737 ⁸⁸.
182 2697 202 2738 l.
217 2690 251 2738 Le
257 2689 371 2738 senateur
379 2690 407 2739 T.
418 2689 521 2741 Clodius

76 2752 171 2819 Eprius
187 2755 318 2803 Marcellus
333 2755 411 2804 s'etait
430 2755 473 2804 tait
484 2772 520 2805 re

75 2819 170 2869 douter
196 2834 291 2869 comme
319 2820 432 2870 delateur
466 2837 523 2870 sous

76 2886 174 2941 Neron,
196 2883 258 2934 dont
276 2883 293 2932 il
310 2885 373 2934 avait
390 2902 448 2944 recu
465 2886 523 2951 cinq

77 2959 138 3000 cent
150 2948 259 2998 milliens
277 2949 309 2998 de
326 2960 444 3001 sesterces
459 2967 523 3017 pour

75 3030 182 3064 accuser
209 3015 332 3072 Thrasea,
363 3020 460 3066 nomme
478 3032 522 3080 par

75 3077 162 3130 Tacite
176 3081 330 3142 virtosipac.
341 3081 362 3130 ll
377 3081 460 3130 devint
469 3098 524 3156 pro-

74 3144 168 3196 consul
187 3160 218 3194 en
231 3144 288 3194 Asie
308 3161 366 3194 sous
378 3146 521 3211 Vespasren,

74 3209 194 3324 conspirat
208 3220 293 3260 contre
305 3221 344 3260 cet
355 3227 485 3276 empereur
497 3220 522 3261 et

74 3275 117 3329 sut
147 3277 204 3324 orce
220 3275 297 3325 dese
309 3276 405 3326 donner
424 3278 448 3326 la
459 3287 524 3326 mort

74 3347 204 3406 on79ap.
217 3341 281 3391 Μ.

110 3428 132 3471 2.
152 3421 214 3482 Nec,
237 3438 287 3472 non
303 3422 369 3488 plus.
390 3424 418 3473 V.
437 3440 472 3490 gr.
491 3424 523 3475 de

74 3488 136 3538 Tac.
153 3494 204 3538 117.

603 2699 625 2740 3.
645 2691 773 2749 Bononio,
784 2690 906 2757 sologne,
918 2707 949 2740 au
959 2709 978 2742 s.
991 2708 1013 2741 e.

572 2756 604 2807 de
621 2757 734 2806 Modone.

604 2829 627 2871 4.
646 2822 748 2886 Chaque
760 2822 848 2871 nouvel
863 2821 979 2871 arrivaut.

605 2895 626 2936 5.
640 2888 720 2952 Ayarrt
731 2902 819 2951 rompu
832 2903 889 2937 avec
902 2888 937 2937 les
947 2888 1014 2936 char-

572 2967 623 3001 mes
636 2950 666 3001 de
679 2953 703 3000 la
715 2951 760 3001 vic.

606 3025 659 3065 M.
674 3025 694 3065 1.
708 3018 833 3080 Diptomo,
846 3016 1015 3066 saul-conduit

572 3079 603 3128 de
611 3081 757 3146 l'empercur
766 3083 876 3131 oulettre
883 3083 914 3130 de
924 3098 1015 3133 recom-

572 3147 715 3195 mendation
734 3146 776 3211 qui
796 3147 920 3210 procurait
938 3151 952 3196 t
970 3164 1014 3197 son

572 3222 682 3275 porteur,
696 3211 727 3261 de
739 3215 762 3261 la
774 3221 829 3276 part
841 3213 885 3262 des
896 3213 1015 3262 autoritas

572 3277 633 3325 daus
653 3279 690 3326 les
708 3277 848 3340 provinces,
868 3278 903 3327 les
915 3294 1015 3327 secours

572 3342 633 3391 dont
645 3341 663 3390 il
675 3343 738 3391 avait
750 3342 850 3400 besoin,
864 3353 1016 3392 notamment

572 3408 608 3456 les
620 3407 730 3456 ohevaux
742 3408 786 3457 des
797 3407 870 3458 relais
881 3409 921 3472 (ou
932 3418 1015 3473 postes

572 3472 715 3538 publiques)
726 3473 814 3522 etablis
831 3490 873 3523 sur
885 3475 920 3523 les
932 3483 1015 3524 routes

573 3553 617 3602 par
629 3539 665 3588 les
677 3553 827 3602 cmpereurs.
