2346 3922
187 165 248 230 242
409 179 554 228 connum
575 179 676 225 mum
696 176 909 225 maroamauu

184 312 267 370 tonis
287 310 423 388 perfugit
443 312 673 388 pollicitusque,
691 312 717 371 si
733 310 930 388 praesidiuml
951 308 1125 385 acciperet,

184 428 313 469 vacuam
348 427 449 470 arcem
484 410 683 481 traditurum,
722 409 821 468 multa
855 409 944 466 noete
985 406 1128 464 cohortes

186 510 344 586 expeditas
359 509 485 568 summis
499 511 648 568 montium
664 508 767 585 jugis*
779 524 871 583 super
881 507 977 583 eaput
992 499 1131 563 hostium

186 610 279 669 sistit.
307 609 380 668 Inde
400 609 488 668 miles
510 610 548 668 ad
571 610 682 668 caedem
702 609 803 684 magis
818 625 909 683 quam
930 607 969 665 ad
991 621 1128 682 pugnam

185 708 330 768 decurrit.
358 707 512 766 ‘Sternunt
551 708 684 770 inermos
709 709 763 766 aut
788 724 875 765 arma
906 705 1068 780 capientes
1097 704 1128 762 et

186 807 331 883 quosdam
345 823 449 864 somno
464 807 591 875 excitos,
606 824 674 864 cum
689 806 854 874 tenebris³,
876 821 1004 880 pavore,
1021 803 1127 862 sonitu

185 903 344 972 tubarum,
368 903 501 961 clamore
522 903 628 962 hostili
648 904 859 961 turbarentur.
887 902 987 960 Pauci
1008 899 1126 976 gladia-

185 1005 287 1060 torum
315 1002 493 1060 resistentes
523 1019 619 1078 neque
648 1001 741 1060 inulti
771 1001 924 1071 cecidere;
955 999 1053 1058 ceteri
1089 998 1126 1057 ad

186 1116 280 1158 naves
295 1100 440 1169 ruebant,
457 1100 510 1158 ubi
526 1104 635 1158 cuncta
655 1100 723 1176 pari
742 1099 906 1158 formidine
925 1097 1126 1174 implicaban-

185 1200 247 1267 tur,
261 1199 422 1274 permixtis
433 1199 575 1275 paganis,
591 1217 665 1274 quos
677 1199 760 1257 nullo
772 1197 950 1256 discrimine
961 1195 1127 1256 Vitelliani

185 1297 391 1356 trucidabant.
420 1298 482 1356 Sex
497 1298 672 1356 Liburnicae
693 1297 776 1355 inter
799 1297 933 1372 primum
957 1294 1128 1353 tumultum

186 1412 326 1464 evasere,
344 1395 376 1453 in
392 1395 460 1469 quis
475 1394 637 1471 praefectus
652 1394 758 1454 classis
773 1393 980 1471 Apollinaris;
998 1393 1128 1468 reliquae

186 1494 218 1549 in
243 1493 335 1551 litore
364 1495 476 1568 captae,
500 1495 555 1551 aut
580 1493 675 1551 nimio
700 1493 856 1550 ruentium
885 1509 978 1550 onere
1003 1506 1129 1566 pressas

186 1607 270 1648 mare
298 1591 412 1649 hausit.
436 1590 579 1650 Julianus
610 1591 648 1649 ad
669 1591 704 1650 L.
718 1590 881 1650 Vitellium
906 1589 1075 1666 perductus
1096 1590 1129 1647 ct

185 1689 366 1747 verberibus
387 1688 537 1748 foedatus⁴
554 1691 585 1747 in
601 1707 653 1748 ore
668 1690 734 1766 ejus
750 1688 925 1765 jugulatur.
949 1690 1053 1748 Fuere
1075 1689 1128 1764 qui

185 1803 312 1843 uxorem
332 1787 369 1845 L.
387 1786 508 1845 Vitellii
535 1787 690 1846 Triariam
716 1787 920 1855 incesserent,
949 1786 1129 1861 tamquam-'³

185 1882 287 1958 gladio
297 1883 426 1941 militari
437 1883 539 1942 cincta
550 1885 633 1942 inter
643 1884 759 1942 luctum
770 1883 930 1958 cladesque
941 1884 1128 1959 expugnatae

185 1981 362 2039 Tarracinae
384 1981 513 2057 superbe
542 1999 682 2057 saeveque
710 1982 835 2057 egisset.
869 1982 938 2056 Ipse
966 1979 1127 2038 lauream⁶

186 2081 279 2152 gestae
304 2095 448 2154 prospere
477 2080 522 2137 rei
552 2080 590 2138 ad
618 2079 747 2138 fratrem
776 2079 877 2147 misit,
908 2076 1129 2155 percontatus⁷

186 2178 292 2234 statim
306 2177 427 2250 regredi
442 2194 490 2246 se,
509 2195 548 2235 an
567 2178 779 2254 perdomandae
791 2177 967 2252 Campaniae
982 2173 1128 2235 insistere

185 2273 317 2350 juberet.
345 2275 431 2341 Quod
451 2275 588 2334 salutare
603 2294 662 2334 non
678 2277 766 2334 modo
787 2276 928 2352 partibus
942 2274 1128 2349 Vespasiani

187 2372 239 2430 sed
261 2373 306 2430 rei
328 2373 458 2449 publicae
478 2373 547 2435 fuit.
573 2375 654 2435 Nam
675 2375 702 2433 si
722 2391 828 2433 recens
844 2373 978 2432 victoria
992 2372 1082 2431 miles
1097 2374 1129 2432 et

187 2470 296 2546 super8
325 2473 449 2530 insitam
478 2474 682 2548 pervicaciam
711 2473 852 2531 secundis
880 2471 967 2530 ferox
995 2472 1128 2530 Romam

186 2570 407 2640 contendisset,
440 2571 521 2629 haud
553 2589 650 2647 parva
684 2571 763 2630 mole
791 2572 943 2629 certatum
975 2588 1032 2628 nec
1061 2572 1129 2630 sine

185 2667 281 2726 exitio
293 2668 378 2725 urbis
389 2667 480 2726 foret.
495 2670 614 2744 Quippe
626 2670 662 2729 L.
675 2669 815 2740 Vitellio,
829 2669 969 2744 quamvis
985 2669 1095 2729 infami
1102 2671 1125 2739 ⁹,

186 2766 287 2823 inerat
316 2764 485 2833 industria;
515 2783 570 2824 nec
598 2767 783 2836 virtutibus,
811 2770 846 2826 ut
873 2767 963 2837 boni,
992 2767 1046 2827 sed
1067 2784 1128 2844 quo

186 2860 273 2918 modo
288 2861 438 2936 pessimus
458 2863 602 2938 quisque,
619 2864 707 2922 vitiis
721 2863 856 2925 valebat.
1109 2859 1115 2865 ”

224 3004 629 3072 ῦ1.1.ΡνεεεῖάὶιιΜ,ἀθειπουρεε.
714 3014 736 3056 6.
755 3008 890 3056 tauream.
901 3008 1129 3060 Unelcttreentou-
1146 3069 1150 3073 .

219 3077 241 3119 2.
261 3070 369 3119 Summis
377 3074 462 3134 pugio,
476 3088 521 3136 par
532 3077 565 3135 (ct
582 3089 631 3122 non
681 3075 723 3122 ree
745 3073 777 3120 de
797 3072 897 3133 laurier,
920 3089 985 3139 pour
1002 3090 1130 3125 annoncer

187 3151 231 3200 pas
251 3136 301 3201 sur)
321 3136 345 3185 le
370 3147 473 3186 sommet
499 3138 543 3188 des
562 3155 631 3188 mon·
681 3139 705 3187 la
721 3135 831 3187 victoira.

187 3210 281 3266 tegnas.
384 3256 386 3258 ,
714 3210 737 3251 7.
756 3203 934 3261 Percontatus,
953 3203 1017 3255 dans
1034 3206 1128 3255 leaena

221 3274 242 3315 3.
265 3266 543 3318 Tembris-clamore.
554 3269 582 3319 V.
594 3284 629 3334 gr.
683 3267 716 3316 du
735 3266 855 3334 participe
873 3271 982 3334 present.
999 3270 1027 3321 V.
1042 3287 1080 3337 gr.
1096 3271 1129 3320 de

189 3331 220 3380 de
232 3331 289 3380 Tac.
308 3338 357 3380 181.
683 3334 741 3383 Tac.
756 3341 793 3382 55.

220 3405 243 3446 4.
262 3397 284 3446 F
284 3397 391 3456 oedutus,
406 3397 558 3459 deshonore,
569 3397 633 3449 fletri
715 3406 737 3447 8.
756 3398 840 3461 Super
850 3407 996 3462 :praetem

187 3477 233 3528 par
244 3462 280 3511 les
292 3477 385 3527 vergea.
715 3471 737 3512 9.
752 3465 856 3529 insumi.
870 3464 891 3512 ll
901 3465 980 3517 s'etait
989 3464 1130 3519 desiccare

221 3535 243 3578 ⁵.
264 3528 408 3593 Tamquam.
416 3529 445 3582 V.
456 3545 493 3596 gr.
503 3529 534 3581 de
541 3529 569 3581 T.
582 3537 631 3582 130.
682 3543 728 3597 par
739 3530 775 3580 les
788 3527 919 3584 delations.
