2346 3922
932 102 992 162 307

316 117 407 161 amna
426 117 470 159 1v.
494 118 560 194 cnr.
586 102 717 162 49-50.

57 263 167 307 manus
186 248 224 306 ad
242 248 353 306 caedem
368 248 556 324 proconsulis
571 249 751 309 rettulisset.
769 248 870 307 Anxio
886 247 995 307 deinde

57 346 159 405 edicto
181 347 493 422 Karthaginiensibus
512 348 686 423 increpitis,
711 364 748 404 ne
769 346 860 404 solita
874 346 994 420 quidem

58 445 165 503 munia
176 446 343 521 usurpabat
350 447 383 514 ¹⁵,
397 445 517 504 clausus
529 445 612 504 intra
626 446 757 514 domum,
773 462 880 519 nequa
896 446 995 502 motus

58 543 132 601 novi
147 559 240 601 causa
255 542 304 601 vel
318 543 397 602 forte
406 544 429 579 ¹⁶
443 545 594 602 oreretur.

97 645 149 706 50.
174 646 234 705 Sed
254 647 305 704 ubi
327 648 418 706 Festo
436 647 662 706 consternatio¹
685 645 788 722 vulgi,
806 648 995 706 centurionis

55 745 241 822 supplicium
265 761 398 820 veraque
430 747 461 803 et
489 745 567 803 falsa
592 762 676 802 more
701 744 789 803 famae
816 747 847 803 in
877 746 995 822 majus²

56 843 236 913 innotuere,
253 844 370 918 equites
386 845 417 901 in
433 862 538 902 necem
553 844 676 902 Pisonis
692 844 799 902 mittit.
817 844 866 902 Illi
882 847 995 921 raptim

55 943 156 1011 vecti,
174 943 302 1000 obscuro
317 943 415 1001 adhuc
430 946 536 1018 coeptae
555 942 651 1000 lucis³
671 943 790 1000 domum
806 943 995 1018 proconsulis

55 1038 233 1116 irrumpunt
257 1041 411 1100 destrictis
436 1040 561 1117 gladiis,
590 1045 621 1099 et
642 1058 753 1115 magna
778 1058 849 1116 pars
872 1042 995 1099 Pisonis

53 1137 175 1213 ignari,
207 1139 286 1214 quod
314 1141 427 1198 Poenos
456 1139 624 1197 auxiliares
653 1139 836 1214 Maurosque
867 1140 897 1196 in
928 1157 994 1197 eam

53 1235 168 1294 caedem
183 1236 347 1311 delegerat.
371 1237 460 1296 Haud
482 1236 587 1311 procul
607 1236 746 1294 cubiculo
766 1237 890 1294 obvium
915 1236 995 1295 forte

53 1351 194 1403 servum,
218 1336 357 1410 quisnam
386 1336 417 1393 et
445 1334 497 1392 ubi
523 1335 602 1392 esset
629 1334 717 1402 Piso,
749 1334 991 1409 interrogavere.

53 1431 173 1492 Servus
187 1434 309 1509 egregio
324 1433 480 1492 mendacio
500 1450 532 1490 se
548 1434 692 1490 Pisonem
707 1449 772 1489 esse
787 1433 943 1507 respondit
960 1450 995 1490 ac

53 1530 163 1589 statim
181 1531 391 1590 obtruncatur.
414 1531 479 1589 Nec
500 1528 595 1586 multo
617 1531 685 1604 post
700 1530 773 1587 Piso
790 1529 991 1597 interficitur;

53 1645 188 1703 namque
202 1628 308 1687 aderat
322 1629 374 1703 qui
390 1629 544 1695 nosceret,
563 1627 685 1684 Baebius
700 1627 831 1696 Massa⁴‚
857 1646 873 1685 e
888 1646 994 1703 procu-

53 1726 232 1786 ratoribus⁵
250 1726 378 1794 Africae,
397 1725 464 1800 jam
488 1729 562 1783 tunc
584 1726 699 1800 optimo
720 1727 828 1800 cuique
847 1727 995 1785 exitiosus

54 1826 89 1883 et
119 1825 200 1882 inter
227 1841 333 1882 causas
361 1824 509 1881 malorum
538 1841 605 1898 quae
634 1841 704 1880 mox
732 1823 859 1882 tulimus
884 1824 995 1899 saepius

51 1922 223 1982 rediturus
247 1923 355 1982 Festus
373 1923 569 1991 Adrumeto⁶‚
591 1923 644 1980 ubi
665 1923 906 1997 speculabundus
926 1924 994 1980 sub-

53 2022 196 2090 stiterat,
220 2022 258 2079 ad
273 2022 423 2097 legionem
442 2021 600 2079 contendit
615 2021 870 2096 praelectumque⁷
886 2024 999 2080 castro·

56 2139 128 2181 rum
153 2123 329 2181 Cetronium
350 2123 498 2180 Pisanum
524 2121 637 2179 vinciri
658 2120 769 2196 jussit,
795 2123 935 2196 proprias
959 2123 996 2179 ob

57 2217 252 2277 simultates:
274 2219 325 2276 sed
341 2219 464 2277 Pisonis
480 2217 644 2276 satellitem
660 2217 805 2286 vocabat,
822 2217 996 2292 militesque

59 2319 91 2375 ct
106 2316 299 2375 centuriones
314 2316 459 2391 quosdam
480 2315 599 2391 puniit,
623 2314 700 2371 alios
722 2315 856 2389 praemiis
876 2315 994 2385 affecit,

59 2416 203 2474 neutrum
228 2433 267 2473 ex
291 2417 418 2485 merito,
451 2415 501 2472 sed
528 2417 562 2471 ut
587 2413 772 2488 oppressisse
797 2412 908 2472 bellum
934 2432 996 2473 cre·

556 2573 613 2604 sous
631 2556 766 2614 Domilien3
791 2558 823 2606 de
846 2559 868 2606 la
889 2566 911 2607 cl
931 2561 998 2608 iuter

556 2639 643 2672 causas
659 2625 784 2671 malorum
794 2651 826 2659 -
837 2626 977 2673 rediturus.

588 2710 610 2751 5.
629 2703 652 2750 E
672 2704 889 2766 procuratoribus.
913 2704 997 2755 Tacito

95 2569 130 2612 15.
152 2563 292 2624 Usttrparc,
311 2558 504 2626 s'acquilterde.

61 2633 130 2744 sadd'
154 2628 193 2678 Vel
204 2629 283 2692 sorte,
304 2632 382 2677 meme
393 2641 446 2692 4par
464 2625 506 2674 ha·

96 2765 150 2808 50.
169 2767 189 2807 1.
209 2758 396 2816 Consternatum,
429 2756 505 2823 agila·

59 2824 128 2875 tion.
152 2826 265 2872 tumulto.
293 2873 295 2879 ,

94 2897 116 2939 2.
136 2890 164 2939 ln
176 2893 272 2952 mnjus,
283 2888 384 2938 litteral.
396 2909 401 2937 :
416 2887 447 2936 dc
457 2903 506 2937 ma·

60 2954 131 3004 nidre
150 2959 163 3004 d
184 2959 291 3019 parallre
307 2955 363 3019 plus
379 2953 457 3020 grand
473 2977 505 2996 =

59 3024 175 3087 exegere.
189 3021 216 3070 V.
231 3037 267 3086 gr.
281 3020 313 3068 de
325 3021 382 3068 Tac.
398 3027 446 3068 148.

95 3094 117 3136 3.
144 3086 363 3144 Obscura-lucis,
397 3084 458 3134 dans
481 3085 505 3134 la

59 3150 262 3201 demiobscurite'
274 3151 308 3199 du
317 3150 375 3215 jour
386 3150 430 3215 qui
442 3166 505 3199 com·

60 3217 178 3274 mencail.
281 3268 287 3276 ⁸

94 3291 118 3331 4.
137 3283 233 3331 Baebius
259 3282 342 3330 Mosco
370 3296 395 3328 se
424 3280 505 3330 rendit

60 3357 160 3398 surlout
171 3346 267 3397 iamcux
281 3362 326 3411 par
335 3361 373 3396 scs
382 3346 505 3396 delations

555 2768 662 2832 empluie
685 2778 749 2817 celte
772 2769 915 2833 expression
936 2769 997 2818 dans

554 2835 579 2882 lc
588 2850 644 2882 sens
656 2833 687 2882 dc
697 2842 883 2896 procuratam
895 2851 923 2883 ce
936 2835 997 2884 n'est

555 2899 620 2948 donc
636 2914 680 2964 pas
700 2898 731 2948 ici
751 2901 804 2949 l'un
819 2902 861 2948 des
876 2916 998 2962 procura-

554 2971 631 3078 tchnrs.
645 2965 686 3079 ¹V.¹
696 2981 739 3013 sur
756 2981 784 3014 ce
797 2974 847 3014 mot
859 2966 882 3014 la
899 2975 956 3015 nolo
968 2975 995 3024 4,

555 3046 567 3079 c
589 3067 594 3079 .
608 3036 631 3086 7,
657 3067 662 3078 .
690 3066 696 3078 .

588 3119 611 3160 6.
631 3111 810 3169 Admonemus,
829 3111 888 3177 (auj.
912 3114 997 3162 Hama-

556 3182 630 3236 mel),
652 3194 694 3226 sur
710 3179 745 3226 les
757 3177 832 3227 burds
848 3179 879 3228 dc
896 3178 919 3227 la
935 3194 995 3237 mer,

555 3259 586 3292 eu
599 3242 645 3291 sud
657 3243 689 3291 de
698 3243 827 3309 Carthage.

590 3339 612 3380 7.
630 3332 790 3397 Praefectum,
804 3349 825 3382 r.
836 3333 871 3391 ll,
883 3340 919 3391 29,
935 3351 958 3381 u.
972 3341 994 3382 4.
