2346 3922
388 213 479 257 amna
500 213 534 255 11.
559 212 625 257 cnr.
650 197 782 257 83-86.
994 195 1050 255 161

157 345 210 405 85.
244 346 422 405 Accelerata
453 345 578 405 interim
603 345 785 421 Vespasiani
811 347 910 419 coepta
935 343 1054 418 lllyrici

115 445 273 503 exercitus
301 444 401 502 studio
428 446 615 519 transgressi
643 445 675 502 in
701 446 814 518 partes.
843 441 949 500 Tertia
973 440 1054 516 legio

115 541 291 618 exemplum
312 543 422 601 ceteris
445 544 563 602 Moesiae
581 543 753 619 legionibus
775 539 922 616 praebuit;
947 544 1057 597 octava

115 642 187 697 erat
207 656 243 696 ac
261 639 391 715 septima
411 639 596 707 Claudiana,
625 639 766 697 imbutael
789 638 894 695 favore
910 635 1054 702 Othonis,

116 726 259 812 quamvis
288 737 395 812 proelio
424 755 484 795 uon
514 738 737 796 interfuissent.
767 733 959 810 Aquileiam²
987 751 1054 808 pro·

114 852 246 911 grassae,
263 836 453 911 proturbatis
467 837 520 911 qui
535 836 572 894 de
594 837 732 895 Othone³
748 834 948 901 nuntiabant,
976 832 1053 890 lace-

114 935 256 1009 ratisque
277 934 400 992 vexillis
421 951 528 992 nomen
551 934 670 993 Vitellii
693 933 940 1008 praeierentibus,
966 933 1057 1006 rapta

114 1034 272 1106 postremo
297 1031 444 1106 pecunia*
465 1034 496 1089 ct
518 1031 600 1088 inter
619 1047 650 1088 se
665 1030 780 1097 divisa,
809 1028 964 1087 hostiliter
988 1044 1055 1101 ege-

115 1130 202 1188 rant.
227 1129 313 1188 Unde
335 1133 432 1187 metus
451 1132 535 1187 etex
550 1131 632 1186 metu
648 1128 809 1186 consilium
831 1128 937 1202 posse⁵
960 1126 1055 1200 impu-

114 1227 201 1283 tari⁶
212 1227 398 1300 Vespasiano
409 1244 475 1300 quae
486 1227 566 1301 apud
579 1226 738 1286 Vitellium
754 1225 927 1284 excusanda
938 1225 1054 1283 erant⁷.

116 1325 169 1381 Ita
194 1325 257 1380 tres
282 1324 416 1382 Moesicae
440 1323 575 1399 legiones
604 1341 659 1398 per
683 1323 830 1399 epistulas
859 1322 1056 1380 alliciebant8

117 1421 331 1479 Pannonicum
356 1422 524 1480 exercitum
545 1424 599 1480 aut
627 1423 775 1480 abnuenti
800 1422 863 1478 vim
893 1421 1053 1495 parabant.

117 1521 155 1577 In
178 1536 214 1576 eo
234 1521 317 1576 motu
338 1520 475 1593 Aponius
495 1521 681 1579 Saturninus
703 1520 820 1579 Moesiae
841 1521 942 1576 rector
963 1517 1055 1592 pessi·

116 1635 202 1675 muru
223 1617 341 1676 facinus
355 1618 461 1685 audet,
480 1619 590 1677 misso⁹
612 1620 790 1676 centurione
811 1618 849 1675 ad
871 1617 1055 1674 interficien-

117 1717 192 1774 dum
207 1716 342 1774 Tettium
363 1716 520 1776 lulianum
541 1719 679 1791 septimae
699 1717 830 1792 legionis
850 1716 1000 1789 legatum,
1018 1715 1056 1772 ob

117 1814 302 1883 simultates,
320 1815 430 1890 quibus
444 1832 567 1873 causam
579 1816 712 1890 partium
726 1814 945 1889 praetendebat.
960 1815 978 1874 J
981 1813 1056 1872 ulia-

118 1930 179 1971 nus
202 1917 355 1988 eomperto
380 1913 557 1972 discrimine
583 1917 613 1971 et
639 1914 744 1989 gnaris
772 1912 907 1975 locorum
931 1912 1057 1971 adscitis

117 2011 273 2086 peravia
298 2011 414 2070 Moesiae
439 2010 522 2070 ultra
545 2013 678 2069 montem
704 2011 875 2069 Haemum¹⁰
899 2010 1054 2085 profugit;

119 2126 177 2167 nec
191 2109 297 2166 deinde
312 2109 399 2167 civili
414 2108 493 2166 bello
508 2109 665 2177 interfuit,
690 2109 862 2183 pervarias
877 2125 977 2166 moras
992 2125 1055 2166 sus-

118 2208 240 2280 ceptum
265 2208 302 2265 ad
328 2207 551 2282 Vespasianum
576 2208 636 2265 iter
661 2207 787 2265 trahens
812 2211 844 2264 et
871 2225 910 2264 ex
939 2206 1056 2265 nuntiis

118 2306 349 2364 cunctabundus
370 2309 423 2364 aut
443 2322 620 2380 properans.

163 2418 213 2475 86.
236 2418 277 2475 At
298 2418 330 2475 in
351 2417 620 2504 PannoniaOtertia
634 2416 750 2474 decima
778 2416 858 2492 legio
874 2435 909 2476 ac
925 2418 1057 2492 septima

119 2514 286 2584 Galbiana,
308 2515 441 2574 dolorem
461 2516 598 2590 iramque
619 2515 831 2574 Bedriacensis
853 2533 963 2591 pugnae
983 2516 1055 2574 reti-

118 2616 243 2682 nentes,
278 2613 359 2671 haud
390 2617 571 2673 cunctanter
598 2615 787 2689 Vespasiano
823 2632 993 2681 accessere,
1024 2615 1056 2672 vi

156 2758 210 2800 0⁸.
234 2760 255 2800 l.
277 2751 406 2815 Dispose'es
426 2767 456 2799 en
481 2750 565 2799 taveur
648 2759 670 2798 7.
689 2750 1056 2816 Eranthsubj.esscntcon-

118 2817 241 2875 d’Orlron,
262 2833 318 2866 sans
331 2817 397 2866 avoir
415 2815 465 2881 pris
482 2820 565 2882 perid
614 2815 735 2864 viendrait
753 2816 836 2864 mieux
854 2833 917 2880 pour
933 2816 1056 2882 exprimes

119 2886 146 2933 la
158 2882 259 2933 bataille
271 2883 302 2931 de
314 2881 426 2931 Bedriac.
615 2883 639 2931 la
651 2881 769 2931 re'llexion
782 2881 826 2930 des
838 2891 946 2947 troupes.

156 2957 177 2997 2.
197 2948 323 3012 Aquileia,
338 2963 358 2996 v.
373 2947 412 2996 oh.
424 2954 461 3004 46,
476 2955 533 2995 note
541 2954 563 2997 6.
648 2955 670 2996 8.
681 2946 1056 3009 Alticiebcnt-pcrabant,in1·

154 3023 177 3063 3.
196 3013 338 3071 DeOtbcnc,
347 3013 437 3063 lameri
447 3012 562 3061 d'Othon.
615 3013 834 3077 perlectaconatus
852 3013 883 3070 (v.
900 3014 1053 3070 Ganlr.135,

154 3087 177 3127 4.
197 3080 321 3136 Pecunia,
343 3080 421 3127 tresor
439 3077 562 3126 militairc.
597 3139 599 3142 .
615 3085 641 3135 2,
656 3094 715 3126 rem.
730 3079 767 3143 2):
786 3077 815 3126 ils
828 3077 985 3127 cherebaieut
997 3081 1010 3125 i
1023 3087 1056 3125 et-

155 3154 177 3193 5.
205 3146 341 3195 Consilium
363 3160 447 3208 posse,
478 3143 501 3192 la
530 3146 566 3192 rd—
615 3142 675 3191 tirer
693 3143 755 3192 dans
775 3145 829 3192 leur
850 3142 913 3207 parii
932 3170 966 3179 —
988 3152 1056 3192 etse

122 3209 214 3260 ileu-ion
227 3225 307 3274 que...
615 3209 773 3272 proposaient
784 3207 935 3273 d'emploper
945 3209 970 3256 la
979 3206 1054 3258 force.

155 3283 178 3324 ὅ.
192 3277 329 3338 impetere,
341 3284 566 3339 porterenconipte
648 3281 670 3322 9.
689 3274 773 3331 Misso,
796 3273 846 3323 abl.
861 3273 912 3323 ebs.
926 3284 1057 3336 marquant

122 3344 213 3406 eupres
236 3341 267 3389 de
288 3341 334 3388 Ves
354 3339 421 3387 asian
448 3362 481 3381 =
504 3340 565 3390 faire
615 3339 638 3386 la
651 3338 825 3389 simultandite'.
839 3339 867 3388 V.
885 3355 921 3405 gr.
942 3338 1054 3397 delae,

120 3407 305 3472 raloirauprcs
341 3404 417 3454 elui.
441 3405 562 3466 V.l,38,
615 3411 651 3454 59.

118 3483 180 3522 note
191 3480 213 3522 5.
650 3476 684 3517 10.
703 3469 823 3519 Haemum.
838 3470 865 3518 V.
876 3469 899 3528 l,
914 3476 950 3527 79,
966 3478 1023 3519 note
1033 3479 1054 3522 l.
1074 3520 1077 3524 ,
