2346 3922
345 183 436 229 amsa
456 186 501 230 111.
525 185 591 231 cnr.
615 170 748 231 32-34.
960 167 1021 230 205

80 322 214 381 aliorum
237 321 271 380 vi
295 320 568 383 obtruncabantur.
596 324 726 390 Quidam
748 321 839 381 obvia
864 322 1020 398 aspernati

80 418 264 478 verberibus
284 419 505 495 tormentisque
526 421 717 480 dominorum
742 420 847 480 abdita
867 421 1016 487 scrutari,

81 519 202 577 defossa
216 534 338 587 eruere,
361 516 460 577 faces4
476 520 508 577 in
524 522 680 591 manibus,
698 538 787 595 quas,
812 521 865 579 ubi
887 520 1020 595 praedam

81 618 275 692 egesserant,
299 617 331 674 in
352 633 464 676 vacuas
490 619 593 679 domos
618 621 649 678 et
671 619 794 677 inania⁵
819 617 934 692 templa
965 634 1021 692 per

82 715 243 774 lasciviam
253 713 486 790 jaculabantur;
504 720 598 793 utque
613 719 770 776 exercitu⁶
784 718 872 776 vario
887 717 1018 791 linguis,

82 813 235 882 moribus,
252 812 301 870 cui
316 812 413 882 cives,
428 813 517 882 socii,
536 814 656 872 externi
672 815 873 881 interessent,
891 813 1021 871 diversae

82 910 242 985 cupidines
257 912 288 968 et
308 910 392 968 aliud
413 912 521 987 cuique
542 912 588 970 fas
611 913 841 986 necquicquam
863 911 1018 970 illicitum.

83 1010 147 1067 Per
168 1008 369 1084 quadriduum
384 1009 533 1068 Cremona
548 1010 696 1070 suffecit⁷.
725 1011 800 1069 Cum
816 1011 918 1068 omnia
933 1027 1021 1069 sacra

82 1107 272 1184 profanaque
291 1109 323 1165 in
344 1108 445 1183 ignem
460 1108 667 1176 considerent,
685 1108 783 1166 solum
797 1107 930 1166 Mefitis8
945 1111 1020 1166 tem·

83 1207 169 1283 plum
185 1206 271 1265 stetit
286 1207 358 1265 ante
373 1205 501 1275 moenia,
521 1206 587 1264 loco
602 1223 654 1264 seu
670 1205 794 1264 numine
810 1205 977 1265 defensum.

126 1315 177 1376 34.
202 1315 260 1373 Hic
281 1315 382 1374 exitus
398 1310 552 1373 Cremonae
573 1332 652 1373 anno
674 1315 880 1373 ducentesimo
902 1318 1020 1390 octoge-

85 1417 163 1474 simo
184 1416 270 1473 sexto
292 1432 311 1472 a
331 1414 498 1490 primordio
519 1415 596 1472 suil.
625 1414 754 1472 Condita
775 1416 841 1471 erat
866 1413 915 1471 Ti.
939 1413 1021 1470 Sem·

85 1513 195 1590 pronio
210 1515 241 1570 et
252 1513 290 1574 P.
305 1513 445 1572 Cornelio
457 1513 661 1583 consulibum,
676 1514 838 1588 ingruente
853 1513 885 1570 in
900 1513 1023 1570 Italiam

85 1612 254 1681 Annibale,
299 1611 579 1688 propugnaculum³
615 1612 761 1670 adversus
797 1609 901 1668 Gallos
935 1611 1022 1667 trans

85 1709 205 1768 Padum
225 1711 351 1784 agentes
372 1712 403 1768 et
424 1710 450 1768 si
472 1728 532 1785 qua
552 1711 614 1768 alia
633 1711 682 1768 vis
706 1726 762 1784 per
787 1708 880 1783 Alpes
905 1710 1019 1766 rueret.

84 1809 188 1884 Igitur
202 1825 327 1867 numero
342 1810 545 1877 colonorum⁴‚
574 1808 804 1884 opportunitate
829 1805 1018 1872 fluminum⁵‚

84 1906 199 1964 ubere⁶
226 1907 311 1982 agri,
339 1908 480 1966 annexu⁷
505 1907 703 1980 conubiisque
728 1904 866 1980 gentium
888 1903 1023 1961 adolevit

83 2003 263 2078 floruitque,
287 2004 376 2062 bellis
394 2006 530 2064 externis
552 2006 684 2074 intacta,
712 2003 856 2063 civilibus
881 2001 1019 2062 infelix⁸.

83 2102 239 2160 Antonius
259 2103 374 2178 pudore
394 2102 523 2176 fiagitii,
549 2101 757 2159 crebrescente
773 2099 906 2168 invidia,
925 2098 1023 2156 edixit

85 2219 125 2260 ne
141 2200 209 2276 quis
221 2201 453 2259 Cremonensem
468 2200 643 2276 captivum⁹
658 2200 820 2257 detineret.
838 2198 1022 2272 Irritamquo

119 2359 144 2402 4.
163 2352 239 2401 Faces
253 2368 287 2402 sc.
302 2359 418 2402 tenentes.

120 2425 143 2466 5.
161 2418 266 2474 laonia,
284 2417 435 2482 depouille's.

118 2489 142 2530 6.
158 2483 188 2533 m
197 2483 240 2546 (sc.
251 2483 289 2548 fit)
298 2487 407 2533 exercitu
418 2485 500 2532 curio.

70 2584 74 2590 .
120 2555 142 2596 7.
162 2547 277 2613 Suffecit,
291 2548 369 2607 suffit,
380 2548 530 2598 lournitma·

84 2613 149 2663 tiore
161 2616 174 2662 s
187 2628 227 2662 ces
240 2613 364 2662 horreum.

120 2685 142 2728 8.
162 2678 264 2742 Mefitis,
283 2677 386 2728 divinile'
398 2678 442 2728 dos
457 2678 530 2728 exha-

83 2743 180 2795 laisons
192 2743 296 2792 inlectcs
307 2743 339 2792 de
351 2745 374 2793 la
387 2753 460 2793 terre.
479 2745 530 2793 Son

85 2809 181 2873 temple
205 2808 266 2857 erait
288 2823 345 2858 sans
368 2809 444 2858 doute
466 2808 531 2858 silue

84 2883 159 2923 entre
171 2874 290 2923 Cremona
303 2883 327 2924 ct
348 2875 370 2924 lo
386 2876 430 2924 Pe.

123 2946 176 2987 84.
196 2947 217 2988 1.
231 2939 289 2997 Sui,
301 2954 376 3013 pron.
398 2940 531 3004 personnel

84 3020 119 3053 au
133 3003 183 3052 lieu
199 3003 231 3052 de
250 3003 317 3066 l'adj.
339 3005 458 3069 possessis
475 3021 529 3055 suo.

83 3071 115 3119 V.
130 3084 166 3133 gr.
181 3066 212 3117 de
224 3069 281 3118 Tac.
295 3077 332 3118 27.

121 3142 143 3184 2.
162 3135 199 3183 En
211 3141 253 3183 218
269 3149 306 3185 av.
320 3134 333 3183 J
338 3135 395 3192 .·C.‚
409 3137 487 3184 anntc
500 3134 531 3183 de

83 3200 111 3250 la
123 3198 189 3264 prise
201 3198 233 3249 dc
244 3200 352 3264 Segonte
361 3200 529 3265 parannibal.

121 3273 143 3314 3.
163 3266 399 3327 Propupnacalum,
417 3265 530 3315 attribut.

120 3339 143 3378 4.
172 3330 330 3380 Coloaorum.
365 3330 454 3381 c'e'tait
481 3347 531 3380 unc

84 3393 186 3445 colonie
198 3394 321 3445 militaire.

121 3468 144 3510 5.
159 3461 179 3509 F
180 3462 314 3512 licerinum.
324 3461 377 3511 Ello
385 3461 531 3512 etaitsitude

579 2367 629 2401 non
641 2350 692 2400 loin
706 2351 739 2400 du
752 2349 878 2400 confluent
890 2349 922 2398 dc
934 2348 1022 2398 l'Adda

580 2416 707 2466 adura.

612 2488 634 2532 6.
656 2479 874 2547 Uberlpoetique)‚
886 2478 1021 2529 fecundile.

612 2554 634 2595 7.
655 2547 773 2605 Annene,
799 2545 915 2594 relations
931 2562 962 2594 en
983 2547 1023 2610 gc-

579 2612 662 2670 ndraL
686 2620 783 2662 surtout
805 2611 880 2660 celles
901 2610 943 2674 qni
968 2619 1023 2658 sont

580 2677 684 2727 clablies
700 2693 745 2741 par
761 2678 784 2725 lc
802 2692 938 2725 commerce
950 2686 975 2723 et
987 2677 1022 2724 les

579 2743 707 2808 manages.
715 2743 821 2790 Acraeam
831 2740 941 2804 exprime
950 2740 1023 2788 l'iddc

580 2809 705 2872 gencrale,
718 2808 842 2856 connscbia
861 2805 932 2854 l'ide'c
951 2805 1023 2870 parti-

579 2874 686 2932 culidre‚
704 2871 826 2938 comprise
845 2871 907 2919 dans
925 2871 949 2919 la
967 2887 1022 2934 pre-

581 2938 666 2988 mitre.

614 3012 636 3054 8.
655 3004 774 3054 Civilibus
783 3003 882 3066 infelix.
893 3000 1023 3057 Cremona,

581 3077 654 3134 ayant
666 3068 770 3118 saveriae
785 3068 808 3116 lc
817 3067 881 3131 parti
892 3065 923 3114 de
932 3066 1023 3114 Brutus

581 3144 606 3183 et
624 3135 656 3183 de
668 3133 782 3188 Cassius,
804 3131 868 3180 avait
888 3133 927 3179 cte'
948 3131 1024 3196 punio

581 3215 626 3264 par
638 3200 661 3247 la
673 3209 742 3264 perte
755 3198 786 3246 dc
799 3213 837 3246 ses
847 3195 960 3259 champs.
975 3212 1024 3260 quc

582 3265 617 3313 les
638 3263 760 3313 triumvirs
786 3261 920 3310 victorieux
945 3261 1025 3310 distri-

581 3330 686 3379 buerem
698 3332 711 3377 d
724 3329 789 3377 leurs
801 3327 902 3376 soldats.

614 3403 636 3443 9.
656 3396 790 3456 Captivam
813 3402 849 3442 est
869 3393 893 3441 le
916 3392 1024 3455 comple·

581 3470 649 3510 ment
663 3457 796 3510 attributis.

908 3544 934 3585 12
