2346 3922
178 258 242 319 282

179 421 298 481 quoque
309 404 340 461 et
354 403 459 460 vetera
474 400 596 477 imperii
608 399 816 459 munimenta⁴
832 399 1026 470 desererent;
1041 395 1121 475 quod

177 502 209 560 in
237 518 312 577 paee
341 499 403 558 fors
429 515 481 558 seu
507 501 648 568 natura⁵,
678 516 760 557 nuno
783 497 881 556 iatum
910 500 942 556 et
971 498 1021 557 ira
1050 500 1120 557 dei⁶

177 600 362 659 vocabatur.

219 695 370 770 Ingressis
390 693 588 754 Novaesium⁷
610 693 698 752 sexta
718 691 835 752 decima
855 695 937 771 legio
959 699 1121 775 conjungi·

177 796 240 853 tur.
271 792 403 853 Additus
417 791 541 851 Vooulae
563 790 595 848 in
616 791 736 868 partem
754 795 914 851 curarum⁸
941 797 1119 855 Herennius

179 882 287 951 Gallus
301 890 457 965 legatus⁹;
475 906 530 947 nee
545 889 612 947 ausi
634 889 672 946 ad
694 889 811 948 hostem
831 909 959 967 pergere
984 895 1054 953 loco
1073 898 1122 954 oui

181 988 321 1049 Gelduba
329 989 352 1024 ¹⁰
367 1004 476 1044 nomen
491 988 537 1045 est
553 989 655 1047 eastra
675 986 784 1045 fecere.
802 989 849 1047 Ibi
870 994 1020 1052 struenda
1038 995 1118 1063 aoie,

179 1086 344 1147 muniendo
358 1084 562 1162 vallandoque
584 1089 614 1144 et
635 1088 746 1146 ceteris
767 1088 840 1146 belli
859 1091 1119 1151 meditamentis¹¹

178 1187 309 1247 militem
323 1185 488 1245 firmabant
497 1186 530 1246 ¹2.
560 1186 662 1260 thue
677 1185 781 1260 praeda
795 1185 833 1243 ad
847 1187 997 1246 virtutem
1014 1207 1118 1248 accen*

179 1287 313 1356 deretur,
333 1285 365 1342 in
387 1284 545 1360 proximos
557 1284 768 1358 Cugernorum
777 1286 800 1320 ¹³
819 1302 929 1360 pagos,
952 1288 1006 1362 qui
1029 1291 1121 1347 sooie·

180 1386 277 1444 tatem
299 1383 409 1443 Civilis
426 1383 623 1457 acceperant,
648 1381 756 1440 duetus
777 1382 926 1441 aVooula
948 1387 1117 1455 exercitum

179 1500 252 1559 pars
267 1499 336 1540 oum
351 1481 509 1540 Herennio
525 1480 613 1540 Gallo
628 1480 808 1556 permansit.

220 1581 271 1641 27.
307 1581 400 1639 Forte
433 1597 543 1638 navem
571 1579 651 1637 haud
680 1578 786 1655 procul
820 1581 932 1638 eastris
966 1581 1120 1639 frumento

179 1695 323 1754 gravem,
351 1696 420 1736 oum
440 1695 495 1753 per
517 1678 595 1736 vada
620 1678 773 1745 haesisset,
803 1678 948 1736 Germani
974 1679 1008 1736 in
1035 1698 1120 1739 suern

178 1777 278 1851 ripam
299 1776 475 1835 trahebant.
502 1775 573 1834 Non
596 1774 670 1833 tulit
690 1773 796 1833 Gallus
816 1774 961 1850 misitque
982 1776 1120 1835 subsidio

159 1931 160 1934 ,
180 1876 354 1945 eohortem3
372 1877 481 1934 auctus
496 1876 527 1932 et
542 1875 762 1933 Germanorum
778 1890 938 1943 numerus,
956 1875 1119 1949 paulatim-

405 267 550 314 cortuum
570 269 671 312 rhem
691 270 902 313 HISTORIARUM

180 1990 238 2048 que
253 1973 495 2049 aggregantibus
511 1988 542 2030 se
554 1969 680 2028 auxiliis
695 1970 955 2028 aoieoertatum1.
973 1971 1120 2029 Germani

179 2070 277 2130 multa
292 2089 361 2129 oum
375 2073 480 2146 strage
495 2071 671 2127 nostrorum
692 2085 802 2126 navem
822 2068 991 2144 abripiunt.
1016 2071 1117 2139 Victi,

180 2169 260 2243 quod
275 2170 340 2227 tum
356 2169 388 2227 in
403 2185 519 2227 morem
533 2167 685 2235 verterat,
704 2183 765 2224 non
784 2182 870 2225 suam
890 2168 1049 2242 ignaviam
1068 2170 1120 2227 sed

179 2263 341 2341 perfidiam
362 2265 477 2340 legati²
502 2262 677 2337 culpabant.
710 2264 907 2323 Protraetum
929 2284 946 2323 e
967 2269 1118 2336 tentorio,

180 2348 277 2422 scissa
301 2365 403 2432 veste,
431 2363 595 2421 verberato
619 2378 758 2437 corpore,
782 2379 841 2436 quo
867 2365 985 2439 pretio,
1011 2366 1120 2440 quibus

182 2460 312 2519 oonseiis
337 2461 522 2536 prodidisset
542 2459 725 2529 exereitum,
749 2460 850 2518 dicere
870 2460 992 2536 jubent.
1025 2463 1121 2522 Redit

182 2558 214 2616 in
245 2557 454 2618 Hordeonium
481 2559 611 2617 invidia.
644 2558 753 2616 Illum³
786 2561 941 2617 auctorem
976 2561 1117 2632 sceleris,

213 2721 235 2764 4.
249 2713 339 2765 Amnes
350 2723 373 2766 at
384 2719 548 2773 munimento,
558 2715 624 2765 deux
708 2723 743 2765 10.
753 2715 871 2776 Gelduba,
879 2718 980 2768 aunord
988 2718 1118 2778 deNeuss,

180 2789 244 2830 mois
256 2780 302 2830 lies
314 2797 359 2846 par
371 2789 393 2830 et
402 2797 433 2831 au
443 2782 493 2831 lieu
506 2780 583 2832 deire
593 2798 624 2831 en

181 2845 322 2912 appositior
334 2845 365 2911 (v.
380 2863 416 2911 gr.
430 2847 462 2896 de
473 2847 501 2897 T.
512 2847 577 2909 nol:
590 2849 624 2897 les

180 2909 285 2969 tleuves,
299 2927 339 2960 ces
348 2912 481 2962 ancienues
493 2912 623 2962 barneres.

214 2983 236 3026 5.
255 2977 357 3027 Natura
366 2993 400 3027 sc.
414 2985 448 3027 est
460 2993 492 3027 ou
504 2981 607 3027 dicitur.

214 3048 237 3091 6.
257 3042 314 3100 Dei,
328 3041 386 3090 d'un
399 3042 466 3091 dieu.

215 3114 237 3154 7.
256 3107 410 3165 Novaesium,
428 3109 518 3165 Neues,
541 3124 583 3155 sur
602 3109 626 3157 la

181 3169 232 3220 rive
244 3171 339 3236 ganoha
357 3172 391 3222 du
403 3172 481 3231 Rhin,
504 3189 553 3222 non
574 3173 626 3223 loin

181 3235 213 3285 do
224 3236 377 3286 Dusseldorl.

215 3308 237 3351 8.
256 3302 462 3362 lit-euroram,
491 3318 537 3352 our
565 3313 627 3352 artn-

182 3382 226 3432 ger
242 3382 300 3417 aveo
313 3367 348 3416 lui
361 3368 384 3417 le
396 3367 449 3417 eoin
480 3385 506 3418 es
518 3385 532 3417 a
552 3369 623 3418 airas.

215 3439 237 3480 9.
256 3433 374 3495 Lepotue,
399 3434 572 3485 commendant
595 3434 626 3484 de

174 3493 352 3573 lalfflle'glou,

674 2780 724 2845 auj.
738 2781 809 2832 Gelh.

708 2855 743 2896 11.
766 2848 828 2896 Belli
836 2851 1034 2906 meditamentis,
1048 2867 1117 2900 exer-

674 2910 739 2961 ciees
748 2912 885 2962 militaires.
898 2915 926 2963 V.
937 2931 973 2980 gr.
985 2915 1017 2964 de
1026 2917 1084 2967 Tac.
1095 2923 1116 2964 8.
1144 2959 1146 2963 ,

709 2985 743 3026 12.
762 2979 921 3028 Firmubaet.
943 2980 1008 3030 C'est
1025 2998 1059 3030 un
1078 2982 1119 3030 inr-

674 3042 810 3106 perleolum
823 3053 940 3093 conatus:
962 3061 995 3095 on
1013 3046 1118 3096 oheroha

674 3111 719 3155 t...
733 3108 760 3156 V.
775 3109 860 3158 Gantr.
879 3117 932 3166 153,
946 3119 972 3170 2,
986 3128 1047 3160 rem.
1061 3120 1084 3161 2.

710 3180 745 3222 13.
764 3174 884 3237 Cugerni,
906 3185 977 3224 entre
995 3176 1019 3225 le
1038 3178 1115 3237 Rhin,

674 3238 711 3287 les
723 3237 815 3288 Ubiens
827 3249 851 3287 et
859 3241 895 3288 les
907 3241 1018 3291 Batavos.

710 3311 763 3352 u.
784 3312 804 3352 1.
823 3305 880 3353 Acie
891 3313 1028 3366 certatum,
1042 3324 1074 3358 on
1086 3325 1114 3358 en

674 3367 727 3418 vint
739 3371 752 3416 d
764 3386 799 3418 un
810 3370 910 3419 oomhat
922 3387 953 3420 en
965 3375 1042 3437 regie.

709 3441 730 3482 2.
752 3435 895 3498 Lepoti,de
907 3436 1002 3486 Gallus.
1094 3437 1096 3439 ’

709 3507 731 3553 3,
748 3501 825 3552 Illum
858 3500 960 3571 de'signe
999 3504 1023 3555 le
1060 3504 1112 3574 plus
