2346 3922
372 176 515 221 CORNELII
534 175 635 221 'rac1'r1
655 173 868 219 maronianum

150 162 209 221 186

149 309 300 368 Caecinam
324 326 385 367 non
410 310 536 369 obscure
559 311 599 370 ad
623 307 840 369 transitionem
865 303 1086 363 hortabantur.

147 407 298 464 Recitatae
321 424 377 482 pro
397 409 570 466 contione¹¹
596 407 736 483 epistulae
756 403 902 464 addidere
922 401 1085 470 fiduciam,

143 504 222 578 quod
238 504 385 562 submisse
393 506 417 542 ¹²
438 505 572 576 Caecina,
590 506 675 564 velut
690 504 841 563 offendere
856 501 1087 580 Vespasianum

146 602 273 671 timens,
304 603 439 677 ipsorum
467 604 558 663 duces
583 602 782 680 contemptim
801 603 960 677 tamquam
989 597 1086 659 insul·

145 700 247 758 tentes
262 700 389 760 Vitellio
408 701 615 776 scripsissent.

188 825 237 883 10.
261 823 421 883 Adventu¹
444 824 551 884 deinde
577 826 705 884 duarum
729 826 902 902 legionum,
926 845 943 885 e
969 826 1083 902 quibus

145 923 270 981 tertiam
290 923 402 982 Dillius
422 912 615 1000 Aponianus,
640 928 779 983 octavam
800 925 961 984 Numisius
975 925 1083 1000 Lupus

145 1021 310 1090 ducebant,
339 1023 494 1082 ostentare
514 1024 597 1082 vires
622 1027 653 1082 et
673 1024 803 1083 militari
824 1024 906 1082 vallo
925 1025 1083 1085 Veronam

145 1120 334 1178 circumdare
362 1120 489 1196 placuit.
523 1123 617 1181 Forte
646 1123 805 1184 Galbianae
829 1122 944 1199 legioni
970 1122 1002 1180 in
1029 1123 1081 1180 ad-

144 1221 252 1276 versa²
266 1218 367 1276 fronte
380 1219 456 1277 valli
473 1237 547 1295 opus
563 1221 723 1290 cesserat³,
741 1224 772 1279 et
786 1220 848 1278 visi
863 1218 969 1294 procul
983 1221 1080 1277 socio-

144 1332 212 1372 rum
248 1316 366 1390 equites
401 1334 513 1375 vanam
547 1317 741 1376 formidinem
774 1321 809 1377 ut
837 1319 940 1377 hostes
967 1318 1078 1377 fecere.

144 1413 322 1488 Rapiuntur
339 1431 425 1472 arma
450 1417 481 1473 et
507 1420 589 1474 metu
611 1418 794 1492 proditionis
824 1417 871 1475 ira
892 1417 1026 1476 militum
1048 1417 1082 1475 in

145 1511 305 1585 Tampium
331 1510 515 1571 Flavianum
540 1515 696 1585 incubuit,
724 1515 808 1574 nullo
829 1515 968 1574 oriminis
988 1532 1081 1591 argu·

144 1610 276 1678 mentc⁴‚
299 1609 350 1666 sed
364 1609 430 1684 jam
449 1611 567 1685 pridem
588 1612 707 1670 invisus
725 1613 868 1671 turbine⁵
890 1613 1021 1688 quodam
1041 1612 1081 1670 ad

145 1707 274 1765 exitium
288 1709 486 1782 poscebatur;
501 1712 723 1787 propinquum⁰
738 1711 874 1781 Vitellii,
891 1712 1081 1786 proditorem

145 1806 289 1875 Othonis,
321 1807 557 1882 interceptorem
586 1809 724 1866 donativi
757 1808 968 1867 clamitabant.
1013 1809 1081 1868 Nec

145 1904 313 1963 defensioni
328 1905 426 1975 locus,
444 1924 626 1983 quamquam
641 1907 793 1982 supplices
804 1923 912 1965 manus
926 1906 1078 1978 tenderet,

145 2002 229 2060 humi
250 2004 427 2079 plerumque
448 2007 578 2074 stratae,
605 2005 707 2063 lacera
727 2006 827 2073 veste,
855 2006 961 2079 pectus
985 2008 1080 2080 atque

144 2115 199 2157 ora
214 2100 369 2174 singultu⁷
385 2102 537 2176 quatiens.
569 2101 603 2159 Id
623 2102 724 2176 ipsum
744 2102 824 2176 apud
846 2102 981 2162 infensos
1002 2103 1078 2162 iuci-

143 2203 312 2260 tamentum
328 2203 410 2270 erat,
427 2201 602 2276 tamquam⁸
620 2200 733 2258 nimius
747 2218 844 2275 pavor
858 2201 1080 2260 conscientiam

144 2305 297 2377 argueret.
331 2303 579 2361 Obturbabatur⁹
604 2303 737 2361 militum
765 2300 891 2359 vocibus
919 2300 1076 2374 Aponius,

144 2419 212 2459 cum
226 2401 310 2476 loqui
325 2405 488 2476 coeptaret;
506 2402 631 2461 fremitu
647 2404 678 2460 et
692 2401 824 2459 clamore
842 2402 960 2458 ceteros
974 2416 1077 2474 asper-

144 2503 268 2561 nantur.
297 2501 358 2560 Uni
373 2503 508 2560 Antonio
527 2504 641 2578 apertae
660 2502 793 2560 militum
814 2516 918 2568 aures;
946 2516 1078 2574 namque

144 2603 175 2658 et
189 2600 332 2658 facundia
352 2601 459 2659 aderat
473 2599 684 2674 mulcendique
698 2598 810 2674 vulgus
830 2600 913 2656 artes
928 2599 960 2655 et
974 2599 1076 2654 aucto·

179 2747 213 2788 11.
233 2739 284 2788 Pro
296 2741 420 2798 eratione,
442 2738 531 2787 devant
548 2739 584 2787 los
667 2744 689 2786 6.
708 2737 892 2800 Propiapaum.
904 2735 1077 2802 llnefautpas

143 2805 236 2855 soldats
248 2803 282 2851 du
295 2803 358 2868 parti
371 2803 479 2853 flavien.
633 2812 752 2851 scus-cut.
766 2805 1077 2861 cumessc,·ctcmitarcest

178 2879 213 2919 12.
232 2869 367 2926 Submisse,
386 2885 443 2918 avoc
461 2867 583 2918 humilite.

178 2944 232 2983 10.
243 2943 264 2983 1.
273 2934 488 2992 Adveata,abl.de
496 2944 584 2999 temps,
595 2964 597 2969 ·

144 3017 166 3050 v.
181 3003 277 3057 Gaura,
288 3006 299 3058 5
312 3008 366 3057 125,
380 3016 440 3049 rem.

177 3075 198 3115 2.
218 3067 248 3115 la
257 3068 365 3114 adverso
374 3067 471 3130 fronte,
486 3064 519 3114 du
530 3067 584 3114 ctte'

145 3132 176 3181 de
189 3130 312 3180 l'ennemi.

177 3205 199 3247 3.
220 3196 289 3259 Opus
312 3203 430 3253 currerat,
457 3196 480 3244 le
499 3195 585 3247 travail

143 3278 192 3310 aux
205 3261 413 3313 retranclrcmcnts
424 3261 483 3310 c'tait
494 3261 566 3310 echa.

176 3335 198 3376 4.
218 3327 281 3376 Sans
293 3342 395 3391 preuves
406 3325 466 3375 d'un
478 3326 561 3376 crime.

177 3400 199 3442 5,
221 3393 340 3452 Tertiae,
355 3401 541 3457 emporlemcnt.

634 2867 754 2918 construit
769 2883 864 2917 comme
875 2870 1014 2931 appellare.

667 2941 688 2981 7.
696 2934 821 2996 Siripalla,
830 2948 956 2997 pouream
963 2936 1076 2997 siapaltu

634 3014 664 3047 en
678 3014 750 3063 prose
761 2998 901 3063 classique:
922 3015 947 3048 se
960 2997 1077 3074 frappant

634 3065 658 3113 la
669 3064 776 3129 poltrine
788 3073 812 3112 ct
824 3065 847 3113 le
856 3063 937 3129 risage
946 3081 978 3113 au
991 3064 1076 3114 milieu

634 3129 678 3180 des
694 3129 810 3194 sanglcts.

667 3203 689 3245 8.
717 3196 864 3258 Tamquam,
903 3209 977 3258 parce
1021 3194 1076 3244 u'ils

633 3259 763 3327 pensaient
775 3276 854 3325 que...
869 3262 896 3311 V.
911 3210 1075 3326 lapideae

634 3336 699 3382 mot,
713 3342 749 3389 gr.
764 3325 795 3373 de
807 3326 864 3376 Tac.
878 3332 889 3384 ὅ
903 3333 952 3374 130.

666 3400 689 3441 9.
710 3391 859 3451 obturbare,
870 3388 1073 3442 couvrirlavoix.
