2346 3922
116 188 174 249 126
338 205 483 250 consumi
503 204 604 250 110111
623 203 835 248 nisuonmauu

114 359 166 400 seu
181 341 260 400 forte
271 341 455 410 surrexerit,
469 356 576 416 parum
588 338 785 414 compertum.
803 337 922 397 Omisso
936 354 1051 413 pugnae

113 439 221 498 ardore
237 439 403 497 Othoniani
414 437 495 495 ultro
507 437 715 506 sulcavere²;
733 440 764 496 et
775 436 880 496 hostili
891 453 1050 495 murmuro

114 539 249 613 excepti,
276 538 430 613 plerisque
454 555 577 597 suorum
603 537 719 614 ignaris
740 537 826 611 quae8
851 552 944 594 causa
968 535 1047 593 salu-

113 635 215 704 tandi,
240 636 353 694 metum
374 635 556 711 proditionis
576 634 685 694 fecere.
716 636 794 693 Tum
819 635 958 693 incubuit
980 635 1047 693 hos-

113 733 191 791 tium
223 733 320 803 acies,
358 733 487 808 integris
515 732 689 802 ordinibus,
719 732 828 790 robore
860 734 891 790 et
920 746 1048 789 numero

113 833 324 908 praestantium
348 833 530 902 Othoniani,
553 848 734 907 quamquam
753 831 899 907 dispcrsi,
924 830 1046 906 paucio-

113 948 177 1000 res,
200 930 288 1000 fessi,
311 929 453 1005 proelium
472 931 574 987 tamon
596 929 710 987 acriter
731 944 896 1003 sumpsere.
927 928 967 986 Et
992 942 1049 1001 per

112 1028 194 1086 locos
214 1028 373 1086 arboribus
394 1043 429 1084 ao
449 1027 549 1085 vineis
575 1027 735 1102 impeditos
763 1037 823 1087 non
849 1039 912 1088 una
935 1044 1048 1104 pugneo

113 1125 245 1184 facies4:
268 1126 450 1196 comminus,
472 1126 613 1196 eminus,
630 1128 762 1186 catervis
783 1128 814 1184 et
834 1126 956 1185 cuneis⁵
978 1143 1048 1184 con-

115 1223 288 1281 currebant.
319 1223 354 1281 Iu
375 1239 487 1298 aggere
501 1223 579 1280 viar
600 1222 710 1282 collato
732 1225 844 1299 gradu
869 1224 1048 1299 corporibus

114 1323 145 1379 at
169 1321 349 1381 umbonibus
374 1321 449 1391 niti,
481 1322 591 1379 omisso
616 1320 748 1397 pilorum
767 1321 854 1398 jactu
878 1322 991 1398 gladiis
1015 1323 1048 1380 et

113 1418 269 1476 securibus
303 1419 406 1494 galeas
440 1419 609 1493 loricasque
637 1436 853 1497 perrumpere:
888 1422 1048 1479 noscentes

114 1517 196 1574 inter
216 1534 247 1576 se
255 1517 276 1586 ⁷,
300 1518 411 1576 ceteris
431 1517 600 1592 conspicui,
623 1517 654 1574 in
674 1517 836 1576 eventum⁸
856 1518 952 1576 totins
972 1516 1047 1575 belli

114 1617 283 1676 certabant.

155 1722 204 1780 43.
229 1721 321 1780 Forte
336 1721 418 1780 inter
432 1723 549 1781 Padum
563 1723 705 1796 viamque
719 1723 837 1798 patenti
856 1739 961 1797 campo
977 1721 1045 1780 duee

113 1819 248 1894 legiones
273 1837 442 1895 congressae
467 1822 553 1890 sunt,
571 1838 625 1896 pro
640 1820 766 1881 Vitellio
788 1819 1044 1888 unaetvicesima,

113 1918 162 1975 cui
177 1934 342 1993 cognomen
357 1919 490 1994 Rapaci,
510 1920 614 1976 vetere
630 1917 729 1993 gloria
750 1915 896 1991 insignis,
921 1932 938 1972 e
958 1915 1047 1990 parte

114 2015 243 2073 Othonis
263 2015 362 2091 prima
382 2014 541 2090 Adjutrix‚
564 2032 623 2072 non
638 2016 710 2073 ante
726 2015 758 2072 in
773 2015 869 2072 aciem
884 2013 1013 2071 deducta
1023 2014 1044 2082 1,

113 2110 165 2168 sed
179 2109 265 2167 ferox
279 2112 310 2168 et
325 2112 397 2168 novi
412 2111 548 2171 decoris²
567 2111 669 2170 avida.
696 2110 835 2170 Primani
851 2110 957 2168 stratis
972 2127 1046 2168 una-

114 2208 399 2266 etvioesimanorum
427 2210 606 2285 principiis³
631 2208 765 2283 aquilam
789 2209 959 2276 abstulere3
987 2225 1048 2282 quo

113 2306 233 2364 dolore⁴
262 2324 390 2365 accensa
416 2307 501 2383 legio'
525 2309 556 2367 et
584 2307 706 2383 impulit
740 2324 845 2366 rursus
874 2308 1045 2382 primanos,

114 2404 292 2464 interfecto⁵
313 2405 427 2465 Orfidio
448 2407 586 2482 Benigno
607 2406 722 2482 legato,
746 2408 777 2464 at
801 2404 934 2481 plurima
957 2405 1048 2479 signa

145 2575 167 2617 2.
183 2568 252 2618 Ultro
263 2571 417 2626 salutavere,
430 2567 555 2632 s'empres-
604 2567 696 2616 soldats
708 2565 853 2624 domarius,
864 2564 1048 2632 ellcs'appelait

113 2637 196 2684 serent
207 2634 238 2684 de
249 2635 340 2684 saluar.
358 2634 385 2683 V.
401 2632 508 2699 l'explic.
523 2632 554 2682 de
603 2632 669 2682 aussi
685 2635 772 2696 primo
787 2633 956 2682 classicorum.

112 2703 193 2758 ultro,
207 2700 232 2757 1,
246 2707 268 2757 7,
283 2709 339 2748 note
351 2707 373 2748 ’1.
637 2706 658 2747 2.
678 2698 755 2748 Avide
771 2697 802 2747 de
820 2696 918 2747 cucillir
935 2711 974 2746 sas
989 2711 1046 2762 pre-

145 2774 167 2815 3.
188 2767 247 2827 Quae
262 2773 377 2814 0000001.
603 2762 677 2813 micrs
704 2761 816 2813 lauriers.
850 2763 914 2812 Noui
935 2764 1044 2820 dcccris,

144 2839 167 2880 4.
177 2826 552 2894 Noncaesaricaaspectvarie.
604 2828 682 2895 gloire
693 2828 807 2879 nouvelle
824 2843 887 2892 pour
898 2827 960 2886 ollc,
979 2826 1048 2877 c'est-

145 2905 168 2946 5.
187 2898 234 2946 Pau
245 2911 336 2944 messes
354 2905 378 2944 ct
390 2910 421 2943 en
438 2893 531 2958 pointe.
603 2894 681 2943 i-dire
697 2895 787 2960 qu'elle
798 2892 887 2942 u’auoit
898 2908 942 2957 pas
957 2909 1048 2943 encore

145 2969 167 3011 6.
187 2962 235 3012 Sur
251 2962 275 3011 la
291 2961 409 3010 chausses
423 2959 454 3008 de
466 2958 490 3007 la
501 2957 555 3008 vole
604 2976 635 3008 cu
646 2959 776 3009 l'occasicu
788 2957 935 3023 d'acquerir.

113 3027 245 3077 Postumia.
259 3028 287 3076 V.
298 3027 337 3078 011.
349 3034 389 3075 24.
403 3035 461 3073 nole
473 3032 495 3071 7.
637 3032 659 3075 3.
684 3027 833 3088 Principiis,
863 3025 899 3073 les
928 3022 1048 3089 premiers

146 3101 167 3141 7.
187 3093 255 3142 laici·
263 3109 296 3142 se.
309 3091 374 3142 Avcc
386 3099 449 3138 cette
457 3105 555 3154 expres·
603 3106 684 3156 rangs.

112 3161 166 3211 sicu
187 3174 219 3207 on
237 3168 326 3208 nemet
347 3173 390 3222 pas
411 3171 445 3203 un
462 3155 554 3204 second
636 3165 658 3205 l.
678 3158 732 3219 Quo
757 3157 841 3204 dolore
860 3177 894 3196 =
913 3155 985 3216 cujas
1007 3157 1048 3203 rei

112 3240 225 3292 pronom‚
239 3239 332 3273 comme
344 3239 376 3272 en
389 3220 553 3278 1111011011,
602 3223 694 3271 dolore.
708 3222 736 3270 V.
750 3222 834 3271 Gantr.
850 3227 954 3277 laisla.

111 3306 175 3358 pour
186 3288 292 3340 d'uutres
311 3287 446 3351 exemplos,
467 3287 551 3336 Gantn.
637 3294 659 3336 5.
670 3287 810 3351 interserto.
819 3285 896 3335 L'abl.
906 3284 958 3335 abs.
969 3285 1048 3336 forme

114 3366 165 3415 181,
178 3363 215 3404 25.
603 3367 660 3401 avec
675 3353 699 3401 10
711 3360 774 3416 part.
787 3354 859 3417 passe
875 3366 976 3415 maique
992 3368 1048 3401 sou-

145 3429 167 3470 8.
176 3417 346 3470 Pourdecider
353 3417 552 3482 tcutelaguerrc.
603 3426 660 3465 vent
680 3418 703 3465 la
721 3415 895 3468 simultantitt.
916 3417 945 3466 V.
963 3432 999 3483 gr.
1014 3417 1047 3468 de

146 3494 200 3537 ss.
220 3493 241 3535 l.
261 3485 362 3534 Formio
374 3498 419 3550 par
429 3484 510 3533 Neron
522 3482 554 3532 dc
603 3483 660 3532 Tac.
674 3489 711 3535 59.
