2346 3922
387 245 479 289 umus
498 245 533 303 n,
555 244 622 288 cnr.
648 228 778 289 14-16.
1004 230 1064 291 105

158 375 211 435 16.
246 373 402 434 Corsicam
424 391 461 432 ac
486 375 678 434 Sardiniam¹
712 381 889 453 ceterasque
923 377 1057 454 proximi

112 473 216 531 maris
230 472 347 533 insulas
361 472 442 530 fama
454 472 592 531 victricis
606 473 714 532 classis
728 475 760 532 in
775 475 916 550 partibus
927 476 1058 534 Othonis

112 570 232 630 tenuit.
261 570 321 629 Sed
350 570 506 628 Corsicam
530 587 624 646 prope
642 569 771 630 afflixit²
797 571 914 630 Decimi
934 573 1059 631 Pacarii

113 668 329 743 procuratoris
343 669 517 737 temeritas,
538 670 627 726 tanta
647 668 726 726 mole
747 669 819 727 belli
835 670 914 728 nihil
933 671 965 728 in
981 688 1059 729 sum-

114 783 202 826 mam
220 765 397 842 profutura,
421 765 482 840 ipsi
506 765 648 826 exitiosa.
674 765 814 842 Namque
840 768 970 827 Othonis
991 770 1060 827 odio

111 863 228 940 juvare
239 865 399 925 Vitellium
414 865 577 923 Corsorum
591 865 711 924 viribus
726 867 852 935 statuit,
870 869 956 927 inani
973 870 1059 926 auxi·

116 964 160 1023 lic
181 965 276 1023 etiam
297 965 324 1023 si
344 965 566 1042 provenisset³.
590 964 716 1024 Vocatis
737 966 929 1042 principibus
950 968 1059 1026 insulae

116 1062 281 1121 consilium
305 1063 421 1138 aperit,
449 1065 480 1121 et
507 1063 615 1121 contra
640 1063 741 1121 dicere
765 1080 870 1133 ausos,
899 1065 1059 1125 Claudium

116 1161 307 1236 Pyrrhicam
331 1161 536 1220 trierarchum
561 1161 817 1219 Liburnicarum⁴
838 1163 901 1220 ibil
916 1165 1056 1234 navium,

117 1260 281 1327 Quintium
296 1259 420 1318 Certum
441 1259 574 1334 equitem
590 1260 779 1329 Romanum,
803 1260 935 1319 interfici
950 1261 1056 1337 jubet:

116 1374 250 1434 quorum
262 1359 360 1415 morte
382 1357 524 1415 exterriti
540 1356 592 1431 qui
613 1357 759 1427 aderant,
783 1357 874 1416 simul
901 1359 1010 1433 ignara
1026 1363 1057 1418 et

116 1456 213 1514 alieni
228 1457 328 1513 metus
347 1454 430 1512 socia
445 1455 657 1529 imperitorum
671 1454 764 1511 turba
779 1454 811 1512 in
827 1455 921 1512 verba
935 1454 1057 1515 Vitellii

111 1552 271 1629 juravere.
300 1552 360 1610 Sed
385 1550 438 1608 ubi
457 1549 602 1608 dilectum
621 1566 713 1623 agere
732 1551 882 1609 Pacarius
901 1554 932 1609 et
954 1552 1057 1623 incon-

116 1651 199 1709 ditos
230 1650 367 1707 homines
406 1647 538 1723 fatigare
566 1648 687 1707 militiae
715 1649 893 1708 muneribus
922 1651 1056 1725 occepit,

115 1749 253 1808 laborem
279 1746 437 1805 insolitum
462 1747 564 1821 perosi
589 1745 802 1804 infirmitatem
827 1764 912 1805 suam
935 1751 1057 1823 reputa-

115 1847 213 1905 bant:
237 1846 369 1904 insulam
384 1860 449 1902 esse
465 1862 555 1919 quam
577 1843 761 1913 incolerent,
778 1847 809 1902 et
827 1845 917 1921 longe
933 1848 1057 1905 Germa-

117 1946 202 2004 niam
226 1945 368 2018 viresque
393 1943 563 2017 legionum;
587 1942 722 2017 direptos
745 1945 940 2018 vastatosque
962 1944 1058 2002 classe

116 2045 211 2103 etiam
244 2059 320 2118 quos
344 2043 485 2099 cohortes
507 2040 623 2116 alaeque
653 2043 860 2115 protegerent.
890 2043 930 2100 Et
955 2044 1057 2100 aversi

116 2144 243 2217 repente
264 2140 374 2209 animi,
398 2157 453 2197 nec
477 2142 580 2197 tamen
601 2141 709 2213 aperta
730 2139 779 2206 vi;
807 2141 913 2213 aptum
938 2142 1057 2214 tempus

117 2223 240 2301 insidiis
250 2240 362 2314 legere.
377 2237 531 2312 Digressis
547 2238 599 2311 qui
615 2236 779 2295 Pacarium
790 2235 1054 2311 frequentabant⁶,

117 2341 216 2399 nudus
231 2341 263 2397 et
277 2337 388 2396 auxilii
407 2337 495 2412 inops
512 2334 662 2393 balineis⁷
681 2333 881 2404 intertiatam
909 2336 1057 2393 trucidati

116 2440 148 2497 et
167 2437 324 2496 comitesss.
352 2435 462 2511 Capita
487 2435 521 2491 ut
545 2433 677 2490 hostium
698 2432 758 2506 ipsi
784 2432 996 2491 interfectores
1018 2433 1056 2490 ad

117 2542 269 2601 Othonem
289 2538 403 2607 tulere;
429 2553 526 2612 neque
551 2552 602 2594 eos
627 2537 682 2593 aut
704 2534 784 2593 Otho
807 2536 933 2610 praemio
954 2535 1057 2594 affecit

116 2643 170 2699 aut
184 2639 288 2716 puniit
298 2636 458 2705 Vitellius,
473 2636 505 2692 in
520 2633 616 2694 multa
628 2634 758 2692 colluvie
773 2651 876 2692 rerum
890 2633 1057 2711 majoribus

116 2737 246 2814 flagitiis
264 2734 443 2810 permixtos.

149 2893 204 2933 10.
230 2891 251 2932 l.
274 2884 308 2931 La
325 2881 399 2930 Corse
419 2888 443 2927 ct
463 2879 487 2927 la
505 2878 560 2927 Sar·
609 2877 1054 2942 c'iaicniparticulicrsauxLiburnos,

116 2950 207 3016 daigne
223 2946 354 2998 lormaicnt
371 2943 460 3009 depuis
477 2945 559 2992 Nc'ron
610 2945 701 3018 peuple
721 2944 753 2992 de
768 2943 860 3009 pirates
879 2945 941 2994 dans
962 2946 985 2993 la
1002 2947 1056 2995 nal-

116 3032 165 3065 une
182 3013 300 3079 province
320 3010 480 3067 senatoriale,
499 3023 558 3074 gou—
609 3018 691 3057 manc.

115 3084 205 3130 vernae
216 3094 262 3144 par
272 3094 306 3127 un
322 3084 492 3140 procurateur.
643 3081 665 3124 5,
684 3075 729 3123 Idi.
739 3074 767 3123 V.
779 3074 803 3123 la
816 3083 873 3124 noto
883 3092 925 3124 sur
932 3077 1009 3138 juata
1022 3091 1053 3124 au

147 3155 170 3196 2.
189 3146 273 3207 Prope
293 3143 401 3207 afflicti,
425 3139 499 3188 saillis
519 3139 560 3189 de·
610 3139 705 3198 ch,15:
720 3139 763 3204 qui
775 3156 790 3205 y
802 3139 895 3189 etaient
907 3139 1052 3190 stationnc‘s.

114 3211 184 3262 venir
196 3210 294 3259 lunesto
306 3211 329 3257 d.
643 3211 665 3253 6.
693 3205 906 3268 Freqitentcbant,
945 3208 988 3271 qui
1018 3222 1055 3256 ve·

147 3286 171 3328 8,
190 3276 348 3325 provenisset
365 3288 400 3321 sc.
417 3272 558 3328 otacilium,
610 3269 695 3319 naient
711 3271 734 3319 le
745 3269 806 3320 voir.

113 3341 200 3408 quand
216 3343 295 3389 meme
311 3340 336 3386 le
353 3352 451 3386 secours
470 3338 515 3385 edt·
528 3352 559 3385 cu
643 3343 665 3386 7,
686 3337 803 3385 Baliaris.
817 3335 845 3384 V.
859 3351 896 3400 gr.
910 3334 941 3384 de
953 3335 993 3394 T,
1006 3341 1055 3394 §38

112 3409 176 3466 lieu,
192 3422 218 3454 se
231 3404 269 3453 fut
280 3403 377 3452 realise.
611 3411 635 3449 ct
647 3407 658 3458 ᾗ
672 3409 692 3450 l.

145 3481 169 3522 4.
188 3471 399 3526 Liburnicarum,
427 3463 560 3514 hitiments
644 3473 666 3514 8.
685 3467 801 3526 Comites,
815 3465 852 3516 les
865 3465 975 3517 hommes
983 3465 1015 3514 de
1029 3481 1055 3514 sa

113 3538 204 3603 legers,
213 3534 277 3586 ainsi
287 3535 396 3585 nammis
406 3547 479 3597 parce
487 3530 560 3596 qu‘ils
610 3529 683 3581 suite.
