<?xml version="1.0" encoding="UTF-8"?>
<!DOCTYPE html PUBLIC "-//W3C//DTD XHTML 1.0 Transitional//EN"
    "http://www.w3.org/TR/xhtml1/DTD/xhtml1-transitional.dtd">
<html xmlns="http://www.w3.org/1999/xhtml" xml:lang="en" lang="en">
 <head>
  <title>
</title>
<meta http-equiv="Content-Type" content="text/html;charset=utf-8" />
  <meta name='ocr-system' content='tesseract 3.04.00' />
  <meta name='ocr-capabilities' content='ocr_page ocr_carea ocr_par ocr_line ocrx_word'/>
</head>
<body>
  <div class='ocr_page' id='page_1' title='image "./corneliitacitih00gantgoog_0064.png"; bbox 0 0 2346 3922; ppageno 0'>
   <div class='ocr_carea' id='block_1_1' title="bbox 336 261 999 324">
    <p class='ocr_par' dir='ltr' id='par_1_1' title="bbox 336 261 999 324">
     <span class='ocr_line' id='line_1_1' title="bbox 336 261 999 324; baseline 0.008 -5"><span class='ocrx_word' id='word_1_1' title='bbox 336 279 427 320; x_wconf 78' lang='lat' dir='ltr'>niusa</span> <span class='ocrx_word' id='word_1_2' title='bbox 448 279 469 321; x_wconf 91' lang='lat'>1.</span> <span class='ocrx_word' id='word_1_3' title='bbox 494 278 559 321; x_wconf 75' lang='lat' dir='ltr'>cnr.</span> <span class='ocrx_word' id='word_1_4' title='bbox 584 261 717 322; x_wconf 78' lang='lat'>48-50.</span> <span class='ocrx_word' id='word_1_5' title='bbox 962 266 999 324; x_wconf 85' lang='lat'>51</span> 
     </span>
    </p>
   </div>
   <div class='ocr_carea' id='block_1_2' title="bbox 21 406 1003 1269">
    <p class='ocr_par' dir='ltr' id='par_1_2' title="bbox 21 406 1003 1269">
     <span class='ocr_line' id='line_1_2' title="bbox 64 406 999 485; baseline 0.004 -21"><span class='ocrx_word' id='word_1_6' title='bbox 64 407 136 465; x_wconf 79' lang='lat' dir='ltr'>ubi⁶</span> <span class='ocrx_word' id='word_1_7' title='bbox 152 407 186 464; x_wconf 91' lang='lat' dir='ltr'>in</span> <span class='ocrx_word' id='word_1_8' title='bbox 203 406 299 466; x_wconf 89' lang='lat' dir='ltr'>bonos</span> <span class='ocrx_word' id='word_1_9' title='bbox 318 408 490 478; x_wconf 87' lang='lat' dir='ltr'>incidisset,</span> <span class='ocrx_word' id='word_1_10' title='bbox 512 409 578 468; x_wconf 92' lang='lat' dir='ltr'>sine</span> <span class='ocrx_word' id='word_1_11' title='bbox 596 410 831 485; x_wconf 81' lang='lat' dir='ltr'>reprehensione</span> <span class='ocrx_word' id='word_1_12' title='bbox 850 411 999 485; x_wconf 87' lang='lat' dir='ltr'>patiens⁷,</span> 
     </span>
     <span class='ocr_line' id='line_1_3' title="bbox 65 503 1002 584; baseline 0.007 -23"><span class='ocrx_word' id='word_1_13' title='bbox 65 506 92 562; x_wconf 89' lang='lat' dir='ltr'>si</span> <span class='ocrx_word' id='word_1_14' title='bbox 106 504 182 562; x_wconf 88' lang='lat' dir='ltr'>mali</span> <span class='ocrx_word' id='word_1_15' title='bbox 196 503 313 573; x_wconf 86' lang='lat' dir='ltr'>forent,</span> <span class='ocrx_word' id='word_1_16' title='bbox 327 523 422 580; x_wconf 91' lang='lat' dir='ltr'>usque</span> <span class='ocrx_word' id='word_1_17' title='bbox 437 507 475 565; x_wconf 89' lang='lat' dir='ltr'>ad</span> <span class='ocrx_word' id='word_1_18' title='bbox 490 507 630 583; x_wconf 86' lang='lat' dir='ltr'>culpam8</span> <span class='ocrx_word' id='word_1_19' title='bbox 645 509 782 584; x_wconf 87' lang='lat' dir='ltr'>ignarus.</span> <span class='ocrx_word' id='word_1_20' title='bbox 801 508 860 567; x_wconf 89' lang='lat' dir='ltr'>Sed</span> <span class='ocrx_word' id='word_1_21' title='bbox 875 509 1002 568; x_wconf 86' lang='lat' dir='ltr'>claritas</span> 
     </span>
     <span class='ocr_line' id='line_1_4' title="bbox 66 601 1001 682; baseline 0.007 -24"><span class='ocrx_word' id='word_1_22' title='bbox 66 601 218 659; x_wconf 86' lang='lat' dir='ltr'>natalium</span> <span class='ocrx_word' id='word_1_23' title='bbox 236 605 268 660; x_wconf 93' lang='lat' dir='ltr'>et</span> <span class='ocrx_word' id='word_1_24' title='bbox 287 606 386 661; x_wconf 91' lang='lat' dir='ltr'>metus</span> <span class='ocrx_word' id='word_1_25' title='bbox 400 606 571 679; x_wconf 91' lang='lat' dir='ltr'>temporum</span> <span class='ocrx_word' id='word_1_26' title='bbox 587 606 754 674; x_wconf 79' lang='lat' dir='ltr'>obtentui⁹,</span> <span class='ocrx_word' id='word_1_27' title='bbox 779 609 813 663; x_wconf 91' lang='lat' dir='ltr'>ut</span> <span class='ocrx_word' id='word_1_28' title='bbox 838 608 917 680; x_wconf 94' lang='lat' dir='ltr'>quod</span> <span class='ocrx_word' id='word_1_29' title='bbox 937 624 1001 682; x_wconf 83' lang='lat' dir='ltr'>seg-</span> 
     </span>
     <span class='ocr_line' id='line_1_5' title="bbox 66 699 999 778; baseline 0.008 -22"><span class='ocrx_word' id='word_1_30' title='bbox 66 699 145 756; x_wconf 91' lang='lat' dir='ltr'>nitia</span> <span class='ocrx_word' id='word_1_31' title='bbox 170 702 238 757; x_wconf 89' lang='lat' dir='ltr'>erat</span> <span class='ocrx_word' id='word_1_32' title='bbox 267 701 420 775; x_wconf 90' lang='lat' dir='ltr'>sapientia</span> <span class='ocrx_word' id='word_1_33' title='bbox 444 705 617 760; x_wconf 86' lang='lat' dir='ltr'>vocaretur.</span> <span class='ocrx_word' id='word_1_34' title='bbox 649 703 726 760; x_wconf 88' lang='lat' dir='ltr'>Dum</span> <span class='ocrx_word' id='word_1_35' title='bbox 756 703 882 778; x_wconf 85' lang='lat' dir='ltr'>vigebat</span> <span class='ocrx_word' id='word_1_36' title='bbox 907 708 999 775; x_wconf 88' lang='lat' dir='ltr'>aetas,</span> 
     </span>
     <span class='ocr_line' id='line_1_6' title="bbox 67 798 1003 875; baseline 0.006 -20"><span class='ocrx_word' id='word_1_37' title='bbox 67 798 196 856; x_wconf 88' lang='lat' dir='ltr'>militari</span> <span class='ocrx_word' id='word_1_38' title='bbox 216 798 306 856; x_wconf 89' lang='lat' dir='ltr'>laude</span> <span class='ocrx_word' id='word_1_39' title='bbox 320 800 400 875; x_wconf 92' lang='lat' dir='ltr'>apud</span> <span class='ocrx_word' id='word_1_40' title='bbox 416 802 596 859; x_wconf 88' lang='lat' dir='ltr'>Germanias</span> <span class='ocrx_word' id='word_1_41' title='bbox 605 802 628 837; x_wconf 84' lang='lat'>¹⁰</span> <span class='ocrx_word' id='word_1_42' title='bbox 649 800 763 862; x_wconf 88' lang='lat' dir='ltr'>floruit.</span> <span class='ocrx_word' id='word_1_43' title='bbox 796 803 858 860; x_wconf 90' lang='lat' dir='ltr'>Pro</span> <span class='ocrx_word' id='word_1_44' title='bbox 880 803 1003 861; x_wconf 90' lang='lat' dir='ltr'>consule</span> 
     </span>
     <span class='ocr_line' id='line_1_7' title="bbox 69 895 1003 976; baseline 0.005 -22"><span class='ocrx_word' id='word_1_45' title='bbox 69 895 231 954; x_wconf 83' lang='lat' dir='ltr'>Africam¹¹</span> <span class='ocrx_word' id='word_1_46' title='bbox 242 898 407 967; x_wconf 89' lang='lat' dir='ltr'>moderate,</span> <span class='ocrx_word' id='word_1_47' title='bbox 415 897 482 973; x_wconf 87' lang='lat' dir='ltr'>jam</span> <span class='ocrx_word' id='word_1_48' title='bbox 494 901 595 958; x_wconf 91' lang='lat' dir='ltr'>senior</span> <span class='ocrx_word' id='word_1_49' title='bbox 605 900 779 958; x_wconf 79' lang='lat' dir='ltr'>citeriorem</span> <span class='ocrx_word' id='word_1_50' title='bbox 791 901 1003 976; x_wconf 79' lang='lat' dir='ltr'>Hispaniam¹²</span> 
     </span>
     <span class='ocr_line' id='line_1_8' title="bbox 67 995 1002 1076; baseline 0.006 -24"><span class='ocrx_word' id='word_1_51' title='bbox 67 996 134 1069; x_wconf 88' lang='lat' dir='ltr'>pari</span> <span class='ocrx_word' id='word_1_52' title='bbox 150 995 277 1071; x_wconf 88' lang='lat' dir='ltr'>justitia</span> <span class='ocrx_word' id='word_1_53' title='bbox 295 997 462 1066; x_wconf 75' lang='lat' dir='ltr'>continuit,</span> <span class='ocrx_word' id='word_1_54' title='bbox 483 998 582 1074; x_wconf 85' lang='lat' dir='ltr'>major</span> <span class='ocrx_word' id='word_1_55' title='bbox 600 999 722 1074; x_wconf 85' lang='lat' dir='ltr'>privato</span> <span class='ocrx_word' id='word_1_56' title='bbox 737 1000 833 1069; x_wconf 86' lang='lat' dir='ltr'>visus,</span> <span class='ocrx_word' id='word_1_57' title='bbox 851 1001 922 1058; x_wconf 91' lang='lat' dir='ltr'>dum</span> <span class='ocrx_word' id='word_1_58' title='bbox 941 1002 1002 1076; x_wconf 87' lang='lat' dir='ltr'>pri-</span> 
     </span>
     <span class='ocr_line' id='line_1_9' title="bbox 21 1092 1002 1174; baseline 0.007 -25"><span class='ocrx_word' id='word_1_59' title='bbox 21 1109 24 1116; x_wconf 89' lang='lat'>·</span> <span class='ocrx_word' id='word_1_60' title='bbox 66 1095 158 1150; x_wconf 81' lang='lat' dir='ltr'>vetus</span> <span class='ocrx_word' id='word_1_61' title='bbox 181 1092 256 1163; x_wconf 87' lang='lat' dir='ltr'>fuit,</span> <span class='ocrx_word' id='word_1_62' title='bbox 284 1098 315 1153; x_wconf 92' lang='lat' dir='ltr'>et</span> <span class='ocrx_word' id='word_1_63' title='bbox 340 1095 476 1153; x_wconf 88' lang='lat' dir='ltr'>omnium</span> <span class='ocrx_word' id='word_1_64' title='bbox 501 1113 649 1155; x_wconf 87' lang='lat' dir='ltr'>consensu</span> <span class='ocrx_word' id='word_1_65' title='bbox 676 1114 772 1172; x_wconf 83' lang='lat' dir='ltr'>capax</span> <span class='ocrx_word' id='word_1_66' title='bbox 798 1098 920 1174; x_wconf 89' lang='lat' dir='ltr'>imperii</span> <span class='ocrx_word' id='word_1_67' title='bbox 941 1099 1002 1158; x_wconf 87' lang='lat' dir='ltr'>nisi</span> 
     </span>
     <span class='ocr_line' id='line_1_10' title="bbox 68 1195 259 1269; baseline 0.031 -19"><span class='ocrx_word' id='word_1_68' title='bbox 68 1195 259 1269; x_wconf 79' lang='lat' dir='ltr'>imperasset.</span> 
     </span>
    </p>
   </div>
   <div class='ocr_carea' id='block_1_3' title="bbox 67 1301 1004 2160">
    <p class='ocr_par' dir='ltr' id='par_1_3' title="bbox 67 1301 1004 2160">
     <span class='ocr_line' id='line_1_11' title="bbox 107 1301 1003 1375; baseline 0.006 -17"><span class='ocrx_word' id='word_1_69' title='bbox 107 1301 159 1360; x_wconf 89' lang='lat'>50.</span> <span class='ocrx_word' id='word_1_70' title='bbox 183 1301 347 1375; x_wconf 84' lang='lat' dir='ltr'>Trepidam</span> <span class='ocrx_word' id='word_1_71' title='bbox 361 1302 467 1360; x_wconf 89' lang='lat' dir='ltr'>urbem</span> <span class='ocrx_word' id='word_1_72' title='bbox 482 1319 517 1358; x_wconf 88' lang='lat' dir='ltr'>ac</span> <span class='ocrx_word' id='word_1_73' title='bbox 537 1301 627 1359; x_wconf 89' lang='lat' dir='ltr'>simul</span> <span class='ocrx_word' id='word_1_74' title='bbox 652 1302 848 1360; x_wconf 83' lang='lat' dir='ltr'>atrocitatem</span> <span class='ocrx_word' id='word_1_75' title='bbox 869 1306 1003 1363; x_wconf 87' lang='lat' dir='ltr'>recentis</span> 
     </span>
     <span class='ocr_line' id='line_1_12' title="bbox 68 1397 1004 1476; baseline 0.006 -21"><span class='ocrx_word' id='word_1_76' title='bbox 68 1397 192 1456; x_wconf 91' lang='lat' dir='ltr'>sceleris</span> <span class='ocrx_word' id='word_1_77' title='bbox 218 1400 307 1458; x_wconf 89' lang='lat' dir='ltr'>simul</span> <span class='ocrx_word' id='word_1_78' title='bbox 318 1405 439 1460; x_wconf 86' lang='lat' dir='ltr'>veteres</span> <span class='ocrx_word' id='word_1_79' title='bbox 451 1401 581 1460; x_wconf 88' lang='lat' dir='ltr'>Othonis</span> <span class='ocrx_word' id='word_1_80' title='bbox 596 1417 696 1457; x_wconf 89' lang='lat' dir='ltr'>mores</span> <span class='ocrx_word' id='word_1_81' title='bbox 713 1403 893 1476; x_wconf 84' lang='lat' dir='ltr'>paventem¹</span> <span class='ocrx_word' id='word_1_82' title='bbox 908 1420 1004 1462; x_wconf 90' lang='lat' dir='ltr'>novus</span> 
     </span>
     <span class='ocr_line' id='line_1_13' title="bbox 68 1497 1003 1572; baseline 0.005 -19"><span class='ocrx_word' id='word_1_83' title='bbox 68 1497 194 1572; x_wconf 86' lang='lat' dir='ltr'>insuper</span> <span class='ocrx_word' id='word_1_84' title='bbox 221 1498 258 1555; x_wconf 91' lang='lat' dir='ltr'>de</span> <span class='ocrx_word' id='word_1_85' title='bbox 285 1500 413 1559; x_wconf 91' lang='lat' dir='ltr'>Vitellio</span> <span class='ocrx_word' id='word_1_86' title='bbox 442 1500 569 1557; x_wconf 91' lang='lat' dir='ltr'>nuntius</span> <span class='ocrx_word' id='word_1_87' title='bbox 598 1499 766 1568; x_wconf 83' lang='lat' dir='ltr'>exterruit,</span> <span class='ocrx_word' id='word_1_88' title='bbox 791 1504 863 1558; x_wconf 85' lang='lat' dir='ltr'>ente</span> <span class='ocrx_word' id='word_1_89' title='bbox 892 1501 1003 1558; x_wconf 80' lang='lat' dir='ltr'>caedem</span> 
     </span>
     <span class='ocr_line' id='line_1_14' title="bbox 69 1594 1004 1673; baseline 0.004 -20"><span class='ocrx_word' id='word_1_90' title='bbox 69 1594 174 1653; x_wconf 85' lang='lat' dir='ltr'>Galbae</span> <span class='ocrx_word' id='word_1_91' title='bbox 200 1611 396 1672; x_wconf 87' lang='lat' dir='ltr'>suppressus,</span> <span class='ocrx_word' id='word_1_92' title='bbox 419 1601 472 1656; x_wconf 78' lang='lat' dir='ltr'>ut²</span> <span class='ocrx_word' id='word_1_93' title='bbox 496 1602 618 1657; x_wconf 91' lang='lat' dir='ltr'>tantum</span> <span class='ocrx_word' id='word_1_94' title='bbox 638 1599 805 1673; x_wconf 87' lang='lat' dir='ltr'>superioris</span> <span class='ocrx_word' id='word_1_95' title='bbox 831 1600 1004 1657; x_wconf 86' lang='lat' dir='ltr'>Germaniae</span> 
     </span>
     <span class='ocr_line' id='line_1_15' title="bbox 69 1694 1003 1753; baseline 0.005 -5"><span class='ocrx_word' id='word_1_96' title='bbox 69 1694 222 1751; x_wconf 86' lang='lat' dir='ltr'>exereitus</span> <span class='ocrx_word' id='word_1_97' title='bbox 247 1694 412 1752; x_wconf 87' lang='lat' dir='ltr'>descivisse</span> <span class='ocrx_word' id='word_1_98' title='bbox 433 1696 618 1753; x_wconf 89' lang='lat' dir='ltr'>crederetur.</span> <span class='ocrx_word' id='word_1_99' title='bbox 650 1697 728 1753; x_wconf 86' lang='lat' dir='ltr'>Tum</span> <span class='ocrx_word' id='word_1_100' title='bbox 750 1695 843 1752; x_wconf 81' lang='lat' dir='ltr'>duos³</span> <span class='ocrx_word' id='word_1_101' title='bbox 869 1697 1003 1753; x_wconf 92' lang='lat' dir='ltr'>omnium</span> 
     </span>
     <span class='ocr_line' id='line_1_16' title="bbox 67 1790 1003 1868; baseline 0.004 -22"><span class='ocrx_word' id='word_1_102' title='bbox 67 1790 244 1848; x_wconf 90' lang='lat' dir='ltr'>mortalium</span> <span class='ocrx_word' id='word_1_103' title='bbox 268 1792 475 1868; x_wconf 87' lang='lat' dir='ltr'>impudicitia,</span> <span class='ocrx_word' id='word_1_104' title='bbox 504 1793 643 1867; x_wconf 83' lang='lat' dir='ltr'>ignavia,</span> <span class='ocrx_word' id='word_1_105' title='bbox 670 1792 794 1850; x_wconf 86' lang='lat' dir='ltr'>luxuria</span> <span class='ocrx_word' id='word_1_106' title='bbox 823 1793 1003 1850; x_wconf 89' lang='lat' dir='ltr'>deterrimos</span> 
     </span>
     <span class='ocr_line' id='line_1_17' title="bbox 67 1887 1003 1966; baseline 0.004 -22"><span class='ocrx_word' id='word_1_107' title='bbox 67 1887 154 1945; x_wconf 88' lang='lat' dir='ltr'>velut</span> <span class='ocrx_word' id='word_1_108' title='bbox 168 1889 207 1945; x_wconf 90' lang='lat' dir='ltr'>ad</span> <span class='ocrx_word' id='word_1_109' title='bbox 227 1890 414 1965; x_wconf 92' lang='lat' dir='ltr'>perdendum</span> <span class='ocrx_word' id='word_1_110' title='bbox 439 1892 600 1966; x_wconf 91' lang='lat' dir='ltr'>imperium</span> <span class='ocrx_word' id='word_1_111' title='bbox 622 1890 760 1951; x_wconf 87' lang='lat' dir='ltr'>fataliter</span> <span class='ocrx_word' id='word_1_112' title='bbox 787 1891 916 1948; x_wconf 75' lang='lat' dir='ltr'>electos⁴</span> <span class='ocrx_word' id='word_1_113' title='bbox 942 1909 1003 1948; x_wconf 91' lang='lat' dir='ltr'>nou</span> 
     </span>
     <span class='ocr_line' id='line_1_18' title="bbox 69 1987 1002 2064; baseline 0.003 -22"><span class='ocrx_word' id='word_1_114' title='bbox 69 1987 193 2045; x_wconf 84' lang='lat' dir='ltr'>senatus</span> <span class='ocrx_word' id='word_1_115' title='bbox 212 1988 300 2045; x_wconf 93' lang='lat' dir='ltr'>modo</span> <span class='ocrx_word' id='word_1_116' title='bbox 321 1991 352 2046; x_wconf 94' lang='lat' dir='ltr'>et</span> <span class='ocrx_word' id='word_1_117' title='bbox 371 2006 475 2064; x_wconf 89' lang='lat' dir='ltr'>eques,</span> <span class='ocrx_word' id='word_1_118' title='bbox 503 1989 572 2063; x_wconf 90' lang='lat' dir='ltr'>quis</span> <span class='ocrx_word' id='word_1_119' title='bbox 596 1988 701 2064; x_wconf 89' lang='lat' dir='ltr'>aliqua</span> <span class='ocrx_word' id='word_1_120' title='bbox 722 2006 793 2064; x_wconf 88' lang='lat' dir='ltr'>pars</span> <span class='ocrx_word' id='word_1_121' title='bbox 814 1993 846 2046; x_wconf 91' lang='lat' dir='ltr'>et</span> <span class='ocrx_word' id='word_1_122' title='bbox 862 2006 935 2046; x_wconf 88' lang='lat' dir='ltr'>cura</span> <span class='ocrx_word' id='word_1_123' title='bbox 957 1990 1002 2046; x_wconf 91' lang='lat' dir='ltr'>rei</span> 
     </span>
     <span class='ocr_line' id='line_1_19' title="bbox 68 2082 1003 2160; baseline 0.003 -21"><span class='ocrx_word' id='word_1_124' title='bbox 68 2082 213 2157; x_wconf 88' lang='lat' dir='ltr'>publicae,</span> <span class='ocrx_word' id='word_1_125' title='bbox 241 2085 292 2142; x_wconf 89' lang='lat' dir='ltr'>sed</span> <span class='ocrx_word' id='word_1_126' title='bbox 307 2085 417 2158; x_wconf 83' lang='lat' dir='ltr'>vulgus</span> <span class='ocrx_word' id='word_1_127' title='bbox 432 2103 550 2160; x_wconf 92' lang='lat' dir='ltr'>quoque</span> <span class='ocrx_word' id='word_1_128' title='bbox 571 2085 672 2160; x_wconf 91' lang='lat' dir='ltr'>palam</span> <span class='ocrx_word' id='word_1_129' title='bbox 690 2103 827 2143; x_wconf 86' lang='lat' dir='ltr'>maerere.</span> <span class='ocrx_word' id='word_1_130' title='bbox 855 2086 920 2145; x_wconf 90' lang='lat' dir='ltr'>Nec</span> <span class='ocrx_word' id='word_1_131' title='bbox 936 2084 1003 2159; x_wconf 87' lang='lat' dir='ltr'>jam</span> 
     </span>
    </p>
   </div>
   <div class='ocr_carea' id='block_1_4' title="bbox 69 2181 1086 2259">
    <p class='ocr_par' dir='ltr' id='par_1_4' title="bbox 69 2181 1086 2259">
     <span class='ocr_line' id='line_1_20' title="bbox 69 2181 1086 2259; baseline 0.003 -22"><span class='ocrx_word' id='word_1_132' title='bbox 69 2181 206 2239; x_wconf 87' lang='lat' dir='ltr'>recentia</span> <span class='ocrx_word' id='word_1_133' title='bbox 231 2199 320 2240; x_wconf 86' lang='lat' dir='ltr'>saevae</span> <span class='ocrx_word' id='word_1_134' title='bbox 339 2183 423 2257; x_wconf 89' lang='lat' dir='ltr'>pacis</span> <span class='ocrx_word' id='word_1_135' title='bbox 445 2183 600 2259; x_wconf 85' lang='lat' dir='ltr'>exempla,</span> <span class='ocrx_word' id='word_1_136' title='bbox 624 2185 674 2242; x_wconf 91' lang='lat' dir='ltr'>sed</span> <span class='ocrx_word' id='word_1_137' title='bbox 694 2185 826 2259; x_wconf 90' lang='lat' dir='ltr'>repetita</span> <span class='ocrx_word' id='word_1_138' title='bbox 855 2183 1003 2241; x_wconf 92' lang='lat' dir='ltr'>bellorum</span> <span class='ocrx_word' id='word_1_139' title='bbox 1079 2201 1086 2213; x_wconf 89' lang='lat'><strong>·</strong></span> 
     </span>
    </p>
   </div>
   <div class='ocr_carea' id='block_1_5' title="bbox 71 2346 1004 2544">
    <p class='ocr_par' dir='ltr' id='par_1_5' title="bbox 71 2346 1004 2544">
     <span class='ocr_line' id='line_1_21' title="bbox 102 2346 1002 2413; baseline 0 -17"><span class='ocrx_word' id='word_1_140' title='bbox 102 2355 124 2396; x_wconf 87' lang='grc'>6.</span> <span class='ocrx_word' id='word_1_141' title='bbox 146 2348 261 2397; x_wconf 84' lang='lat' dir='ltr'>Ubtavec</span> <span class='ocrx_word' id='word_1_142' title='bbox 279 2348 303 2396; x_wconf 89' lang='lat' dir='ltr'>le</span> <span class='ocrx_word' id='word_1_143' title='bbox 321 2346 385 2410; x_wconf 89' lang='lat' dir='ltr'>subj.</span> <span class='ocrx_word' id='word_1_144' title='bbox 408 2364 510 2413; x_wconf 88' lang='lat' dir='ltr'>marquc</span> <span class='ocrx_word' id='word_1_145' title='bbox 595 2356 629 2398; x_wconf 79' lang='lat'>12.</span> <span class='ocrx_word' id='word_1_146' title='bbox 653 2347 794 2413; x_wconf 78' lang='lat' dir='ltr'>L&#39;Espagnc</span> <span class='ocrx_word' id='word_1_147' title='bbox 816 2347 946 2397; x_wconf 80' lang='lat' dir='ltr'>citericure</span> <span class='ocrx_word' id='word_1_148' title='bbox 970 2364 1002 2396; x_wconf 93' lang='lat' dir='ltr'>ou</span> 
     </span>
     <span class='ocr_line' id='line_1_22' title="bbox 71 2410 1004 2478; baseline 0.002 -18"><span class='ocrx_word' id='word_1_149' title='bbox 71 2413 93 2460; x_wconf 92' lang='grc'>11</span> <span class='ocrx_word' id='word_1_150' title='bbox 105 2412 248 2477; x_wconf 77' lang='lat' dir='ltr'>repetition.</span> <span class='ocrx_word' id='word_1_151' title='bbox 261 2413 290 2473; x_wconf 90' lang='lat' dir='ltr'>V,</span> <span class='ocrx_word' id='word_1_152' title='bbox 303 2429 340 2478; x_wconf 77' lang='lat' dir='ltr'>gr.</span> <span class='ocrx_word' id='word_1_153' title='bbox 354 2413 385 2462; x_wconf 90' lang='lat' dir='ltr'>de</span> <span class='ocrx_word' id='word_1_154' title='bbox 396 2414 424 2462; x_wconf 86' lang='grc' dir='ltr'>Τ.</span> <span class='ocrx_word' id='word_1_155' title='bbox 439 2420 475 2462; x_wconf 84' lang='lat'>79.</span> <span class='ocrx_word' id='word_1_156' title='bbox 561 2413 679 2478; x_wconf 84' lang='lat' dir='ltr'>Hispania</span> <span class='ocrx_word' id='word_1_157' title='bbox 687 2413 884 2470; x_wconf 85' lang='lat' dir='ltr'>Tarraconensis,</span> <span class='ocrx_word' id='word_1_158' title='bbox 894 2410 1004 2477; x_wconf 82' lang='lat' dir='ltr'>compre-</span> 
     </span>
     <span class='ocr_line' id='line_1_23' title="bbox 102 2477 1003 2544; baseline -0.001 -18"><span class='ocrx_word' id='word_1_159' title='bbox 102 2485 125 2526; x_wconf 83' lang='lat'>7.</span> <span class='ocrx_word' id='word_1_160' title='bbox 162 2478 296 2544; x_wconf 81' lang='lat' dir='ltr'>Indulgent</span> <span class='ocrx_word' id='word_1_161' title='bbox 326 2493 382 2528; x_wconf 87' lang='lat' dir='ltr'>sans</span> <span class='ocrx_word' id='word_1_162' title='bbox 410 2479 512 2529; x_wconf 85' lang='lat' dir='ltr'>devenir</span> <span class='ocrx_word' id='word_1_163' title='bbox 561 2489 620 2528; x_wconf 89' lang='lat' dir='ltr'>nant</span> <span class='ocrx_word' id='word_1_164' title='bbox 636 2478 718 2540; x_wconf 64' lang='grc'><strong>111213</strong></span> <span class='ocrx_word' id='word_1_165' title='bbox 735 2478 766 2527; x_wconf 92' lang='lat' dir='ltr'>de</span> <span class='ocrx_word' id='word_1_166' title='bbox 781 2477 922 2543; x_wconf 83' lang='lat' dir='ltr'>l&#39;Espagne,</span> <span class='ocrx_word' id='word_1_167' title='bbox 944 2481 1003 2527; x_wconf 79' lang='lat' dir='ltr'>etuit</span> 
     </span>
    </p>
   </div>
   <div class='ocr_carea' id='block_1_6' title="bbox 70 2542 512 3586">
    <p class='ocr_par' dir='ltr' id='par_1_6' title="bbox 70 2542 204 2594">
     <span class='ocr_line' id='line_1_24' title="bbox 70 2542 204 2594; baseline 0.015 -2"><span class='ocrx_word' id='word_1_168' title='bbox 70 2542 204 2594; x_wconf 72' lang='lat' dir='ltr'>bllmable.</span> 
     </span>
    </p>

    <p class='ocr_par' dir='ltr' id='par_1_7' title="bbox 70 2608 512 2804">
     <span class='ocr_line' id='line_1_25' title="bbox 102 2608 512 2673; baseline 0 -15"><span class='ocrx_word' id='word_1_169' title='bbox 102 2617 125 2659; x_wconf 89' lang='lat'>8.</span> <span class='ocrx_word' id='word_1_170' title='bbox 147 2611 225 2672; x_wconf 83' lang='lat' dir='ltr'>Usque</span> <span class='ocrx_word' id='word_1_171' title='bbox 233 2611 267 2657; x_wconf 87' lang='lat' dir='ltr'>od</span> <span class='ocrx_word' id='word_1_172' title='bbox 278 2611 378 2670; x_wconf 84' lang='lat' dir='ltr'>culpam</span> <span class='ocrx_word' id='word_1_173' title='bbox 386 2608 512 2673; x_wconf 80' lang='lat' dir='ltr'>(opposc&#39;d</span> 
     </span>
     <span class='ocr_line' id='line_1_26' title="bbox 70 2674 510 2737; baseline 0.002 -15"><span class='ocrx_word' id='word_1_174' title='bbox 70 2674 510 2737; x_wconf 67' lang='lat' dir='ltr'>sincrepreheusiouc)tonstruad&#39;un</span> 
     </span>
     <span class='ocr_line' id='line_1_27' title="bbox 71 2738 382 2804; baseline 0.003 -17"><span class='ocrx_word' id='word_1_175' title='bbox 71 2740 241 2804; x_wconf 81' lang='lat' dir='ltr'>aucuglement</span> <span class='ocrx_word' id='word_1_176' title='bbox 252 2738 382 2802; x_wconf 84' lang='lat' dir='ltr'>coupable.</span> 
     </span>
    </p>

    <p class='ocr_par' dir='ltr' id='par_1_8' title="bbox 71 2805 511 2985">
     <span class='ocr_line' id='line_1_28' title="bbox 104 2805 511 2863; baseline 0.005 -11"><span class='ocrx_word' id='word_1_177' title='bbox 104 2812 126 2854; x_wconf 83' lang='lat'>9.</span> <span class='ocrx_word' id='word_1_178' title='bbox 146 2805 274 2863; x_wconf 83' lang='lat' dir='ltr'>Obteutui,</span> <span class='ocrx_word' id='word_1_179' title='bbox 289 2805 325 2853; x_wconf 91' lang='lat' dir='ltr'>les</span> <span class='ocrx_word' id='word_1_180' title='bbox 334 2805 458 2854; x_wconf 88' lang='lat' dir='ltr'>malheurs</span> <span class='ocrx_word' id='word_1_181' title='bbox 467 2805 511 2854; x_wconf 88' lang='lat' dir='ltr'>des</span> 
     </span>
     <span class='ocr_line' id='line_1_29' title="bbox 71 2870 511 2982; baseline 0.002 -64"><span class='ocrx_word' id='word_1_182' title='bbox 71 2879 150 2982; x_wconf 63' lang='lat' dir='ltr'>iemps</span> <span class='ocrx_word' id='word_1_183' title='bbox 163 2870 283 2919; x_wconf 82' lang='lat' dir='ltr'>servaicnt</span> <span class='ocrx_word' id='word_1_184' title='bbox 301 2873 315 2919; x_wconf 86' lang='grc'>1</span> <span class='ocrx_word' id='word_1_185' title='bbox 330 2873 408 2920; x_wconf 84' lang='lat' dir='ltr'>ociter</span> <span class='ocrx_word' id='word_1_186' title='bbox 420 2887 458 2919; x_wconf 91' lang='lat' dir='ltr'>ses</span> <span class='ocrx_word' id='word_1_187' title='bbox 471 2871 511 2919; x_wconf 84' lang='lat' dir='ltr'>de-</span> 
     </span>
     <span class='ocr_line' id='line_1_30' title="bbox 83 2945 146 2985; baseline 0.032 -2"><span class='ocrx_word' id='word_1_188' title='bbox 83 2945 146 2985; x_wconf 87' lang='lat' dir='ltr'>auts.</span> 
     </span>
    </p>

    <p class='ocr_par' dir='ltr' id='par_1_9' title="bbox 72 3000 512 3378">
     <span class='ocr_line' id='line_1_31' title="bbox 107 3000 509 3063; baseline 0 -13"><span class='ocrx_word' id='word_1_189' title='bbox 107 3009 141 3051; x_wconf 90' lang='lat'>10.</span> <span class='ocrx_word' id='word_1_190' title='bbox 161 3000 236 3063; x_wconf 82' lang='lat' dir='ltr'>Apud</span> <span class='ocrx_word' id='word_1_191' title='bbox 247 3000 275 3050; x_wconf 90' lang='lat' dir='ltr'>G.</span> <span class='ocrx_word' id='word_1_192' title='bbox 284 3023 318 3041; x_wconf 98' lang='lat'><strong><em>=</em></strong></span> <span class='ocrx_word' id='word_1_193' title='bbox 328 3004 356 3049; x_wconf 81' lang='lat' dir='ltr'>tn</span> <span class='ocrx_word' id='word_1_194' title='bbox 365 3002 509 3051; x_wconf 77' lang='lat' dir='ltr'>Germanic.</span> 
     </span>
     <span class='ocr_line' id='line_1_32' title="bbox 72 3066 511 3133; baseline -0.002 -17"><span class='ocrx_word' id='word_1_195' title='bbox 72 3068 99 3117; x_wconf 91' lang='lat' dir='ltr'>V.</span> <span class='ocrx_word' id='word_1_196' title='bbox 120 3084 156 3133; x_wconf 80' lang='lat' dir='ltr'>gr.</span> <span class='ocrx_word' id='word_1_197' title='bbox 171 3066 202 3114; x_wconf 90' lang='lat' dir='ltr'>de</span> <span class='ocrx_word' id='word_1_198' title='bbox 219 3066 246 3115; x_wconf 90' lang='lat' dir='ltr'>T.</span> <span class='ocrx_word' id='word_1_199' title='bbox 262 3073 312 3115; x_wconf 81' lang='lat'>140.</span> <span class='ocrx_word' id='word_1_200' title='bbox 333 3068 433 3116; x_wconf 78' lang='lat' dir='ltr'>Nomme</span> <span class='ocrx_word' id='word_1_201' title='bbox 451 3083 511 3132; x_wconf 80' lang='lat' dir='ltr'>gou-</span> 
     </span>
     <span class='ocr_line' id='line_1_33' title="bbox 72 3132 511 3195; baseline -0.007 -13"><span class='ocrx_word' id='word_1_202' title='bbox 72 3149 176 3182; x_wconf 77' lang='lat' dir='ltr'>uerneur</span> <span class='ocrx_word' id='word_1_203' title='bbox 195 3135 298 3195; x_wconf 77' lang='lat' dir='ltr'>(loqutus</span> <span class='ocrx_word' id='word_1_204' title='bbox 316 3133 462 3192; x_wconf 79' lang='lat' dir='ltr'>consulortsl</span> <span class='ocrx_word' id='word_1_205' title='bbox 481 3132 511 3180; x_wconf 89' lang='lat' dir='ltr'>dc</span> 
     </span>
     <span class='ocr_line' id='line_1_34' title="bbox 72 3196 512 3261; baseline -0.005 -15"><span class='ocrx_word' id='word_1_206' title='bbox 72 3199 96 3247; x_wconf 90' lang='lat' dir='ltr'>la</span> <span class='ocrx_word' id='word_1_207' title='bbox 108 3197 237 3248; x_wconf 85' lang='lat' dir='ltr'>Germanic</span> <span class='ocrx_word' id='word_1_208' title='bbox 250 3196 382 3246; x_wconf 77' lang='lat' dir='ltr'>inlericure</span> <span class='ocrx_word' id='word_1_209' title='bbox 395 3213 439 3261; x_wconf 85' lang='lat' dir='ltr'>par</span> <span class='ocrx_word' id='word_1_210' title='bbox 451 3196 512 3246; x_wconf 87' lang='lat' dir='ltr'>Gali-</span> 
     </span>
     <span class='ocr_line' id='line_1_35' title="bbox 72 3261 512 3328; baseline -0.005 -16"><span class='ocrx_word' id='word_1_211' title='bbox 72 3266 142 3328; x_wconf 76' lang='lat' dir='ltr'>gula,</span> <span class='ocrx_word' id='word_1_212' title='bbox 165 3263 182 3312; x_wconf 94' lang='lat' dir='ltr'>il</span> <span class='ocrx_word' id='word_1_213' title='bbox 203 3274 326 3326; x_wconf 88' lang='lat' dir='ltr'>remporta</span> <span class='ocrx_word' id='word_1_214' title='bbox 344 3279 393 3311; x_wconf 90' lang='lat' dir='ltr'>unc</span> <span class='ocrx_word' id='word_1_215' title='bbox 412 3261 512 3311; x_wconf 79' lang='lat' dir='ltr'>victoira</span> 
     </span>
     <span class='ocr_line' id='line_1_36' title="bbox 72 3328 282 3378; baseline -0.01 0"><span class='ocrx_word' id='word_1_216' title='bbox 72 3347 114 3378; x_wconf 88' lang='lat' dir='ltr'>sur</span> <span class='ocrx_word' id='word_1_217' title='bbox 125 3331 161 3378; x_wconf 87' lang='lat' dir='ltr'>les</span> <span class='ocrx_word' id='word_1_218' title='bbox 173 3328 282 3377; x_wconf 84' lang='lat' dir='ltr'>Chattcs.</span> 
     </span>
    </p>

    <p class='ocr_par' dir='ltr' id='par_1_10' title="bbox 71 3392 512 3586">
     <span class='ocr_line' id='line_1_37' title="bbox 106 3392 512 3457; baseline -0.01 -13"><span class='ocrx_word' id='word_1_219' title='bbox 106 3403 140 3444; x_wconf 86' lang='grc'>11.</span> <span class='ocrx_word' id='word_1_220' title='bbox 160 3393 278 3443; x_wconf 85' lang='lat' dir='ltr'>Province</span> <span class='ocrx_word' id='word_1_221' title='bbox 288 3392 443 3449; x_wconf 78' lang='lat' dir='ltr'>senatorialc,</span> <span class='ocrx_word' id='word_1_222' title='bbox 454 3408 512 3457; x_wconf 78' lang='lat' dir='ltr'>gou-</span> 
     </span>
     <span class='ocr_line' id='line_1_38' title="bbox 71 3459 510 3524; baseline -0.007 -15"><span class='ocrx_word' id='word_1_223' title='bbox 71 3462 159 3510; x_wconf 75' lang='lat' dir='ltr'>veruee</span> <span class='ocrx_word' id='word_1_224' title='bbox 170 3475 216 3524; x_wconf 89' lang='lat' dir='ltr'>par</span> <span class='ocrx_word' id='word_1_225' title='bbox 228 3475 261 3508; x_wconf 90' lang='lat' dir='ltr'>un</span> <span class='ocrx_word' id='word_1_226' title='bbox 282 3459 422 3524; x_wconf 88' lang='lat' dir='ltr'>proconsul.</span> <span class='ocrx_word' id='word_1_227' title='bbox 431 3460 459 3508; x_wconf 90' lang='lat' dir='ltr'>V.</span> <span class='ocrx_word' id='word_1_228' title='bbox 470 3459 510 3509; x_wconf 91' lang='lat' dir='ltr'>ch.</span> 
     </span>
     <span class='ocr_line' id='line_1_39' title="bbox 72 3533 219 3586; baseline 0 -12"><span class='ocrx_word' id='word_1_229' title='bbox 72 3533 114 3586; x_wconf 78' lang='lat'>70,</span> <span class='ocrx_word' id='word_1_230' title='bbox 128 3536 185 3576; x_wconf 90' lang='lat' dir='ltr'>note</span> <span class='ocrx_word' id='word_1_231' title='bbox 198 3533 219 3575; x_wconf 87' lang='grc'>3.</span> 
     </span>
    </p>
   </div>
   <div class='ocr_carea' id='block_1_7' title="bbox 560 2543 1004 2803">
    <p class='ocr_par' dir='ltr' id='par_1_11' title="bbox 560 2543 1004 2803">
     <span class='ocr_line' id='line_1_40' title="bbox 561 2543 1004 2607; baseline -0.002 -15"><span class='ocrx_word' id='word_1_232' title='bbox 561 2544 653 2593; x_wconf 78' lang='lat' dir='ltr'>barnee</span> <span class='ocrx_word' id='word_1_233' title='bbox 662 2559 693 2592; x_wconf 89' lang='lat' dir='ltr'>au</span> <span class='ocrx_word' id='word_1_234' title='bbox 703 2543 764 2592; x_wconf 85' lang='lat' dir='ltr'>nord</span> <span class='ocrx_word' id='word_1_235' title='bbox 776 2559 820 2607; x_wconf 85' lang='lat' dir='ltr'>par</span> <span class='ocrx_word' id='word_1_236' title='bbox 829 2544 853 2591; x_wconf 87' lang='lat' dir='ltr'>lu</span> <span class='ocrx_word' id='word_1_237' title='bbox 862 2559 914 2591; x_wconf 86' lang='lat' dir='ltr'>mer</span> <span class='ocrx_word' id='word_1_238' title='bbox 923 2553 1004 2591; x_wconf 88' lang='lat' dir='ltr'>canta-</span> 
     </span>
     <span class='ocr_line' id='line_1_41' title="bbox 560 2607 1004 2674; baseline -0.005 -16"><span class='ocrx_word' id='word_1_239' title='bbox 560 2609 650 2674; x_wconf 86' lang='lat' dir='ltr'>brique</span> <span class='ocrx_word' id='word_1_240' title='bbox 661 2617 685 2656; x_wconf 91' lang='lat' dir='ltr'>et</span> <span class='ocrx_word' id='word_1_241' title='bbox 694 2610 718 2657; x_wconf 90' lang='lat' dir='ltr'>la</span> <span class='ocrx_word' id='word_1_242' title='bbox 727 2609 817 2666; x_wconf 89' lang='lat' dir='ltr'>Gaulc,</span> <span class='ocrx_word' id='word_1_243' title='bbox 832 2612 846 2656; x_wconf 97' lang='grc'>1</span> <span class='ocrx_word' id='word_1_244' title='bbox 858 2607 911 2656; x_wconf 87' lang='lat' dir='ltr'>l&#39;est</span> <span class='ocrx_word' id='word_1_245' title='bbox 924 2625 969 2672; x_wconf 87' lang='lat' dir='ltr'>par</span> <span class='ocrx_word' id='word_1_246' title='bbox 980 2610 1004 2657; x_wconf 90' lang='lat' dir='ltr'>la</span> 
     </span>
     <span class='ocr_line' id='line_1_42' title="bbox 560 2674 1004 2737; baseline -0.002 -14"><span class='ocrx_word' id='word_1_247' title='bbox 560 2674 752 2732; x_wconf 81' lang='lat' dir='ltr'>Mediterranee,</span> <span class='ocrx_word' id='word_1_248' title='bbox 775 2678 788 2721; x_wconf 90' lang='grc'>1</span> <span class='ocrx_word' id='word_1_249' title='bbox 809 2674 895 2722; x_wconf 88' lang='lat' dir='ltr'>l&#39;ouest</span> <span class='ocrx_word' id='word_1_250' title='bbox 915 2689 960 2737; x_wconf 88' lang='lat' dir='ltr'>par</span> <span class='ocrx_word' id='word_1_251' title='bbox 980 2675 1004 2722; x_wconf 89' lang='grc'>11</span> 
     </span>
     <span class='ocr_line' id='line_1_43' title="bbox 561 2738 1002 2803; baseline 0 -15"><span class='ocrx_word' id='word_1_252' title='bbox 561 2738 734 2796; x_wconf 87' lang='lat' dir='ltr'>Lusitanie,au</span> <span class='ocrx_word' id='word_1_253' title='bbox 744 2756 762 2787; x_wconf 93' lang='lat' dir='ltr'>s.</span> <span class='ocrx_word' id='word_1_254' title='bbox 773 2754 795 2787; x_wconf 91' lang='lat' dir='ltr'>o.</span> <span class='ocrx_word' id='word_1_255' title='bbox 803 2754 848 2802; x_wconf 87' lang='lat' dir='ltr'>par</span> <span class='ocrx_word' id='word_1_256' title='bbox 857 2739 1002 2803; x_wconf 77' lang='lat' dir='ltr'>laBetique.</span> 
     </span>
    </p>
   </div>
   <div class='ocr_carea' id='block_1_8' title="bbox 595 2803 1059 2853">
    <p class='ocr_par' dir='ltr' id='par_1_12' title="bbox 595 2803 1059 2853">
     <span class='ocr_line' id='line_1_44' title="bbox 595 2803 1059 2853; baseline -0.002 0"><span class='ocrx_word' id='word_1_257' title='bbox 595 2812 648 2853; x_wconf 71' lang='grc'>50.</span> <span class='ocrx_word' id='word_1_258' title='bbox 669 2812 689 2853; x_wconf 97' lang='lat' dir='ltr'>l.</span> <span class='ocrx_word' id='word_1_259' title='bbox 706 2803 785 2853; x_wconf 87' lang='lat' dir='ltr'>Verbe</span> <span class='ocrx_word' id='word_1_260' title='bbox 797 2813 885 2853; x_wconf 89' lang='lat' dir='ltr'>neutrc</span> <span class='ocrx_word' id='word_1_261' title='bbox 897 2820 955 2852; x_wconf 87' lang='lat' dir='ltr'>avec</span> <span class='ocrx_word' id='word_1_262' title='bbox 968 2820 1002 2852; x_wconf 90' lang='lat' dir='ltr'>un</span> <span class='ocrx_word' id='word_1_263' title='bbox 1057 2813 1059 2818; x_wconf 85' lang='grc'><em>“</em></span> 
     </span>
    </p>
   </div>
   <div class='ocr_carea' id='block_1_9' title="bbox 560 2869 1005 3572">
    <p class='ocr_par' dir='ltr' id='par_1_13' title="bbox 560 2869 1000 2934">
     <span class='ocr_line' id='line_1_45' title="bbox 560 2869 1000 2934; baseline -0.002 -15"><span class='ocrx_word' id='word_1_264' title='bbox 560 2871 690 2934; x_wconf 79' lang='lat' dir='ltr'>comptem.</span> <span class='ocrx_word' id='word_1_265' title='bbox 704 2869 795 2918; x_wconf 78' lang='lat' dir='ltr'>dl&#39;acc.</span> <span class='ocrx_word' id='word_1_266' title='bbox 805 2870 832 2918; x_wconf 89' lang='lat' dir='ltr'>V.</span> <span class='ocrx_word' id='word_1_267' title='bbox 842 2886 878 2934; x_wconf 80' lang='lat' dir='ltr'>gr.</span> <span class='ocrx_word' id='word_1_268' title='bbox 888 2869 954 2918; x_wconf 88' lang='lat' dir='ltr'>deT.</span> <span class='ocrx_word' id='word_1_269' title='bbox 965 2877 1000 2918; x_wconf 79' lang='lat'>17.</span> 
     </span>
    </p>

    <p class='ocr_par' dir='ltr' id='par_1_14' title="bbox 561 2935 1005 3441">
     <span class='ocr_line' id='line_1_46' title="bbox 593 2935 1004 2997; baseline -0.002 -13"><span class='ocrx_word' id='word_1_270' title='bbox 593 2944 615 2984; x_wconf 80' lang='lat'>2.</span> <span class='ocrx_word' id='word_1_271' title='bbox 626 2936 834 2997; x_wconf 59' lang='lat' dir='ltr'>suppresserant.</span> <span class='ocrx_word' id='word_1_272' title='bbox 846 2935 880 2982; x_wconf 89' lang='lat' dir='ltr'>La</span> <span class='ocrx_word' id='word_1_273' title='bbox 890 2936 1004 2983; x_wconf 84' lang='lat' dir='ltr'>nouvelle</span> 
     </span>
     <span class='ocr_line' id='line_1_47' title="bbox 561 2998 1005 3057; baseline 0 -10"><span class='ocrx_word' id='word_1_274' title='bbox 561 2999 592 3047; x_wconf 90' lang='lat' dir='ltr'>dc</span> <span class='ocrx_word' id='word_1_275' title='bbox 610 3002 633 3048; x_wconf 96' lang='grc'>11</span> <span class='ocrx_word' id='word_1_276' title='bbox 650 3001 741 3049; x_wconf 81' lang='lat' dir='ltr'>re&#39;voltc</span> <span class='ocrx_word' id='word_1_277' title='bbox 757 2999 789 3048; x_wconf 90' lang='lat' dir='ltr'>dc</span> <span class='ocrx_word' id='word_1_278' title='bbox 801 2998 927 3057; x_wconf 84' lang='lat' dir='ltr'>Vitellius,</span> <span class='ocrx_word' id='word_1_279' title='bbox 947 3000 1005 3048; x_wconf 86' lang='lat' dir='ltr'>arri-</span> 
     </span>
     <span class='ocr_line' id='line_1_48' title="bbox 561 3062 1004 3128; baseline 0.002 -16"><span class='ocrx_word' id='word_1_280' title='bbox 561 3068 603 3113; x_wconf 76' lang='lat' dir='ltr'>vec</span> <span class='ocrx_word' id='word_1_281' title='bbox 621 3082 677 3114; x_wconf 83' lang='lat' dir='ltr'>sans</span> <span class='ocrx_word' id='word_1_282' title='bbox 697 3066 773 3114; x_wconf 90' lang='lat' dir='ltr'>doute</span> <span class='ocrx_word' id='word_1_283' title='bbox 794 3065 915 3128; x_wconf 88' lang='lat' dir='ltr'>quelques</span> <span class='ocrx_word' id='word_1_284' title='bbox 933 3062 1004 3126; x_wconf 88' lang='lat' dir='ltr'>jours</span> 
     </span>
     <span class='ocr_line' id='line_1_49' title="bbox 561 3128 1004 3186; baseline 0.002 -9"><span class='ocrx_word' id='word_1_285' title='bbox 561 3141 633 3178; x_wconf 84' lang='lat' dir='ltr'>avant</span> <span class='ocrx_word' id='word_1_286' title='bbox 644 3132 668 3179; x_wconf 90' lang='grc'>11</span> <span class='ocrx_word' id='word_1_287' title='bbox 678 3140 739 3179; x_wconf 89' lang='lat' dir='ltr'>mort</span> <span class='ocrx_word' id='word_1_288' title='bbox 749 3131 780 3178; x_wconf 91' lang='lat' dir='ltr'>de</span> <span class='ocrx_word' id='word_1_289' title='bbox 793 3128 879 3186; x_wconf 86' lang='lat' dir='ltr'>Galba,</span> <span class='ocrx_word' id='word_1_290' title='bbox 893 3129 956 3178; x_wconf 84' lang='lat' dir='ltr'>avait</span> <span class='ocrx_word' id='word_1_291' title='bbox 966 3134 1004 3179; x_wconf 79' lang='lat' dir='ltr'>ete</span> 
     </span>
     <span class='ocr_line' id='line_1_50' title="bbox 561 3194 1004 3258; baseline -0.002 -15"><span class='ocrx_word' id='word_1_292' title='bbox 561 3205 636 3244; x_wconf 89' lang='lat' dir='ltr'>tenue</span> <span class='ocrx_word' id='word_1_293' title='bbox 648 3196 750 3252; x_wconf 64' lang='lat' dir='ltr'>michee,</span> <span class='ocrx_word' id='word_1_294' title='bbox 765 3210 828 3258; x_wconf 86' lang='lat' dir='ltr'>pour</span> <span class='ocrx_word' id='word_1_295' title='bbox 846 3194 906 3243; x_wconf 84' lang='lat' dir='ltr'>laire</span> <span class='ocrx_word' id='word_1_296' title='bbox 925 3195 1004 3242; x_wconf 84' lang='lat' dir='ltr'>croire</span> 
     </span>
     <span class='ocr_line' id='line_1_51' title="bbox 562 3259 1005 3325; baseline -0.007 -15"><span class='ocrx_word' id='word_1_297' title='bbox 562 3277 611 3325; x_wconf 88' lang='lat' dir='ltr'>quc</span> <span class='ocrx_word' id='word_1_298' title='bbox 632 3262 655 3309; x_wconf 91' lang='lat' dir='ltr'>la</span> <span class='ocrx_word' id='word_1_299' title='bbox 667 3269 691 3308; x_wconf 66' lang='grc' dir='ltr'>4ι</span> <span class='ocrx_word' id='word_1_300' title='bbox 711 3270 735 3308; x_wconf 91' lang='lat' dir='ltr'>et</span> <span class='ocrx_word' id='word_1_301' title='bbox 754 3261 776 3307; x_wconf 87' lang='lat' dir='ltr'>la</span> <span class='ocrx_word' id='word_1_302' title='bbox 788 3269 826 3308; x_wconf 72' lang='lat'>22⁶</span> <span class='ocrx_word' id='word_1_303' title='bbox 837 3259 917 3325; x_wconf 76' lang='lat' dir='ltr'>legion</span> <span class='ocrx_word' id='word_1_304' title='bbox 930 3261 961 3307; x_wconf 92' lang='lat' dir='ltr'>dc</span> <span class='ocrx_word' id='word_1_305' title='bbox 981 3261 1005 3307; x_wconf 90' lang='grc'>11</span> 
     </span>
     <span class='ocr_line' id='line_1_52' title="bbox 562 3324 1005 3388; baseline -0.009 -13"><span class='ocrx_word' id='word_1_306' title='bbox 562 3325 692 3375; x_wconf 85' lang='lat' dir='ltr'>Germanic</span> <span class='ocrx_word' id='word_1_307' title='bbox 727 3325 871 3388; x_wconf 76' lang='lat' dir='ltr'>superieure</span> <span class='ocrx_word' id='word_1_308' title='bbox 909 3324 1005 3373; x_wconf 83' lang='lat' dir='ltr'>avaient</span> 
     </span>
     <span class='ocr_line' id='line_1_53' title="bbox 562 3390 844 3441; baseline -0.004 -1"><span class='ocrx_word' id='word_1_309' title='bbox 562 3394 643 3441; x_wconf 90' lang='lat' dir='ltr'>seules</span> <span class='ocrx_word' id='word_1_310' title='bbox 656 3390 699 3438; x_wconf 83' lang='lat' dir='ltr'>luit</span> <span class='ocrx_word' id='word_1_311' title='bbox 710 3390 844 3439; x_wconf 81' lang='lat' dir='ltr'>defection.</span> 
     </span>
    </p>

    <p class='ocr_par' dir='ltr' id='par_1_15' title="bbox 595 3455 888 3507">
     <span class='ocr_line' id='line_1_54' title="bbox 595 3455 888 3507; baseline -0.014 0"><span class='ocrx_word' id='word_1_312' title='bbox 595 3466 617 3507; x_wconf 86' lang='lat'>3.</span> <span class='ocrx_word' id='word_1_313' title='bbox 638 3456 719 3506; x_wconf 89' lang='lat' dir='ltr'>Othon</span> <span class='ocrx_word' id='word_1_314' title='bbox 732 3465 756 3504; x_wconf 92' lang='lat' dir='ltr'>et</span> <span class='ocrx_word' id='word_1_315' title='bbox 765 3455 888 3505; x_wconf 86' lang='lat' dir='ltr'>Vitellius.</span> 
     </span>
    </p>

    <p class='ocr_par' dir='ltr' id='par_1_16' title="bbox 595 3522 849 3572">
     <span class='ocr_line' id='line_1_55' title="bbox 595 3522 849 3572; baseline -0.016 0"><span class='ocrx_word' id='word_1_316' title='bbox 595 3531 617 3572; x_wconf 77' lang='lat'>4.</span> <span class='ocrx_word' id='word_1_317' title='bbox 636 3522 730 3572; x_wconf 79' lang='lat' dir='ltr'>Eiectos</span> <span class='ocrx_word' id='word_1_318' title='bbox 743 3538 777 3571; x_wconf 90' lang='lat' dir='ltr'>sc.</span> <span class='ocrx_word' id='word_1_319' title='bbox 791 3538 849 3570; x_wconf 86' lang='lat' dir='ltr'>esse.</span> 
     </span>
    </p>
   </div>
   <div class='ocr_carea' id='block_1_10' title="bbox 0 0 1185 3922">
    <p class='ocr_par' dir='ltr' id='par_1_17' title="bbox 0 0 1185 3922">
     <span class='ocr_line' id='line_1_56' title="bbox 0 0 1185 3922; baseline 0 0"><span class='ocrx_word' id='word_1_320' title='bbox 0 0 1185 3922; x_wconf 95' lang='lat' dir='ltr'> </span> 
     </span>
    </p>
   </div>
  </div>
 </body>
</html>
