2346 3922
366 251 456 295 mssa
477 251 521 294 1v.
545 250 611 294 cnr.
636 234 770 294 41-42.
990 233 1051 295 299

117 379 239 439 Curtius
267 382 447 452 Montanus,
489 400 524 440 eo
550 395 653 458 ¹usquc
686 382 889 457 progressus⁸
920 384 954 439 ut
982 383 1050 457 post

115 478 224 536 caedem
247 478 350 537 Galbae
375 479 477 538 datam
499 479 690 538 interfectori
713 478 835 538 Pisonis
853 479 1013 554 pecuniam
1032 497 1051 536 a

115 577 232 652 Regulo
251 578 480 653 appetitumque
500 597 600 638 morsu
621 579 744 637 Pisonis
763 579 854 652 caput
870 577 1047 653 objectaret.

115 696 131 730 u
154 676 219 733 Hoc
234 677 326 744 certe,
350 695 367 729 n
383 676 494 750 inquit,
513 678 628 735 «Nero
646 694 705 733 non
721 677 831 752 coegit,
850 694 904 733 nec
919 676 1050 750 dignita·

113 778 174 832 tem
190 777 244 832 aut
259 775 388 833 salutem
403 774 457 832 illa
473 775 594 833 saevitia
608 775 776 833 redemisti.
791 775 871 832 Sane
885 775 1050 832 toleremus
1140 822 1144 829 .

115 873 261 930 istorum⁹
275 871 476 943 defensiones,
486 874 538 948 qui
550 873 676 948 perdere
688 872 765 930 alios
777 889 866 946 quam
878 872 1049 946 periclitari

115 971 173 1046 ipsi
193 972 386 1040 maluerunt;
410 973 440 1028 te
461 989 599 1030 securum
620 972 788 1046 reliquerat
812 971 884 1028 exul
907 972 995 1046 pater
1019 974 1052 1029 et

115 1070 215 1127 divisa
230 1069 311 1127 inter
336 1069 502 1128 creditores
517 1072 612 1140 bona,
638 1070 771 1128 nondum
791 1069 938 1126 honorum
954 1085 1051 1144 capax

115 1172 204 1236 aetas,
223 1168 301 1225 nihil
316 1168 395 1242 quod
411 1186 448 1225 ex
464 1171 494 1226 te
510 1168 737 1243 concupisceret
752 1167 852 1234 Nero,
872 1165 949 1223 nihil
971 1165 1049 1240 quod

114 1267 248 1327 timeret.
267 1267 411 1325 Libidine
433 1267 593 1341 sanguinis
609 1269 639 1324 et
654 1267 740 1326 hiatu
755 1264 949 1339 praemiorum
966 1264 1049 1337 igno-

113 1366 179 1421 tum
190 1365 288 1423 adhuc
304 1365 460 1440 ingenium
472 1367 503 1421 et
515 1362 606 1421 nullis
619 1361 844 1421 defensionibus
853 1361 875 1396 ¹⁰
891 1363 1049 1436 expertum

114 1460 193 1518 caede
219 1461 346 1519 nobili¹¹
377 1461 528 1529 imbuisti,
556 1479 623 1518 oum
646 1479 683 1518 ex
708 1460 814 1518 funere
839 1459 885 1516 rei
916 1460 1046 1534 publicae

114 1561 211 1634 raptis
243 1559 484 1618 consularibus¹²
518 1560 642 1634 spoliis,
675 1557 848 1633 septuagies
874 1559 1014 1616 sestertio
1028 1559 1050 1594 ¹³

114 1661 273 1734 saginatus
283 1661 313 1717 et
323 1651 493 1717 sacerdotio
504 1658 624 1732 fulgens
636 1658 777 1715 innoxios
786 1673 907 1731 pueros,
916 1656 1050 1714 illustres

114 1775 218 1825 senes,
235 1759 414 1832 conspicuas
435 1757 563 1816 feminas
585 1757 690 1815 eadem
712 1755 802 1813 ruina
823 1756 1047 1829 prosterneres,

115 1873 182 1911 cum
203 1856 366 1930 segnitiam
385 1855 518 1913 Neronis
542 1856 714 1922 incusares,
739 1852 817 1927 quod
838 1868 892 1926 per
914 1852 1050 1926 singulas

115 1953 217 2010 domos
241 1970 332 2028 seque
354 1955 385 2010 et
405 1952 556 2011 delatores
576 1953 743 2026 fatigaret:
767 1967 854 2025 posse
873 1950 1050 2008 universum

115 2054 254 2109 senatum
266 2069 327 2108 una
339 2069 412 2108 voce
424 2049 572 2107 subverti.
587 2050 742 2117 Retinetc,
756 2047 859 2120 patres
871 2046 1046 2123 conscripti,

114 2151 145 2204 et
160 2149 316 2205 reservate
331 2147 483 2205 hominem
498 2148 562 2202 tam
581 2145 716 2221 expediti
729 2138 873 2214 consilii,
896 2148 931 2204 ut
952 2148 1050 2204 omnis

114 2250 189 2306 aetas
215 2249 365 2322 instructa
391 2247 431 2305 sit
441 2247 474 2315 1⁴,
498 2247 529 2302 et
552 2263 609 2319 quo
632 2244 718 2302 modo
739 2263 825 2302 senes
851 2246 948 2303 nostri
970 2247 1050 2304 Mar·

114 2345 237 2416 cellum,
255 2347 410 2421 Crispum,
424 2343 554 2420 juvenes
569 2342 722 2416 Regulum
738 2343 907 2401 imitentur.
927 2345 1050 2401 Invenit

114 2444 238 2503 aemulos
268 2445 361 2502 etiam
389 2442 496 2499 infelix
528 2443 685 2517 nequitia;
714 2442 785 2517 quid
816 2442 842 2500 si
872 2442 980 2500 floreat
1005 2444 1050 2500 vi·

115 2542 263 2616 geatquel
285 2543 316 2599 et
335 2557 423 2617 quem
442 2539 539 2598 adhuc
564 2540 760 2614 quaestorium
769 2541 792 2578 ¹⁵
814 2541 964 2599 offendere
990 2559 1049 2599 non

147 2704 169 2744 8.
184 2696 341 2759 Proconesus,
355 2697 475 2763 participe
488 2700 558 2763 pesse
643 2706 677 2747 12.
698 2699 878 2749 Compluribus
904 2703 997 2763 spoliis.
1028 2702 1048 2750 ll

114 2760 172 2810 d'uu
194 2779 215 2810 v.
236 2762 362 2826 deponent
383 2779 440 2812 avec
458 2766 481 2813 le
502 2780 557 2812 scns
607 2763 716 2828 s'agitdc
728 2764 830 2830 largent
844 2764 903 2830 qu’il
916 2765 979 2814 avait
991 2783 1049 2824 recu

114 2828 146 2876 du
158 2836 220 2891 part.
232 2831 339 2891 present.
350 2829 377 2877 V.
389 2845 425 2893 gr.
438 2829 469 2878 de
479 2829 507 2876 T.
519 2837 555 2878 55.

147 2901 169 2940 9.
185 2894 306 2949 istorum,
317 2893 349 2941 de
364 2910 404 2942 ces
418 2910 487 2958 gons,
501 2910 558 2943 avec

115 2957 558 3022 uncertainmepris.llfaitallusiou

116 3028 129 3072 i
143 3024 282 3081 Marcellus,
298 3039 318 3071 v.
333 3023 372 3073 ch.
385 3032 406 3073 8.

143 3096 178 3136 10.
192 3090 389 3152 Defensionibus.
404 3089 422 3138 ll
437 3105 468 3137 ne
480 3086 559 3137 s'elait

115 3170 204 3202 encore
232 3154 321 3218 charge
344 3153 376 3203 de
405 3155 429 3202 lu
458 3153 559 3203 defense

117 3218 221 3268 d'oucuu
235 3221 331 3268 accuse.

151 3293 185 3333 ll.
216 3285 458 3347 inpletam-cade
484 3285 561 3334 nobili

114 3351 237 3408 imbuisti,
252 3360 278 3398 tu
294 3366 319 3398 as
335 3350 454 3415 inaugure
468 3360 508 3400 ton
525 3360 559 3398 tn-

116 3418 167 3466 lrnt
178 3432 223 3482 par
232 3415 275 3465 des
288 3424 406 3465 meurtres
419 3415 535 3464 illustres.

606 2846 670 2894 pour
701 2846 801 2879 accuser
831 2830 867 2880 les
899 2831 1049 2880 consuluires

607 2896 707 2943 Crassus
720 2906 744 2943 et
756 2895 855 2945 Orfitus.

641 2969 675 3009 13.
689 2961 831 3023 Septuagies
839 2963 956 3018 sestertio,
965 2969 992 3008 70
1002 2961 1048 3010 fois

607 3035 663 3074 cent
672 3025 739 3073 mille
748 3036 865 3074 sesterces
875 3042 906 3074 ou
916 3034 1046 3084 accubuo,

607 3107 639 3139 ou
651 3098 770 3148 1,470,000
780 3091 809 3138 fr.
819 3091 846 3139 V.
856 3092 951 3149 Guutr„
963 3099 1013 3148 194,
1025 3100 1046 3140 2.

642 3164 677 3204 li.
696 3157 847 3214 instructus,
869 3156 927 3205 bien
952 3155 1047 3216 foui-ni,

608 3237 701 3285 pourru
720 3221 759 3280 (de
778 3221 904 3286 modeles).

642 3294 676 3335 15.
696 3286 781 3335 Adbuc
798 3289 956 3349 punctorium
973 3287 1048 3350 offen·

609 3354 678 3408 dore,
700 3361 813 3415 attnqner
832 3351 897 3401 celui
918 3351 991 3417 quia
1009 3354 1048 3401 ete'

608 3418 744 3466 seulement
759 3426 883 3482 questeur,
