2346 3922
418 252 508 304 amaa
529 253 550 295 r.
574 253 640 297 oar.
664 236 797 295 34-36.
1031 237 1071 295 39

136 382 239 457 inquit
253 403 271 438 «
284 382 352 456 quis
362 381 458 458 jussit
469 382 480 440 l
493 401 511 436 n
533 382 648 457 insigni
666 383 787 441 animoe
812 383 850 440 ad
876 382 1071 440 coercendam

134 481 303 540 militarem
321 480 491 550 licentiam,
512 481 701 541 minantibus
720 481 904 556 intrepidus,
925 480 1071 539 adversus

135 579 328 638 blandientes
349 579 554 654 incorruptus.

176 684 226 744 36.
257 683 348 741 Haud
369 683 468 741 dubiae
487 683 554 760 jam
579 685 611 742 in
633 685 761 743 castris¹
776 684 911 742 omniurn
936 687 1067 753 mentes,

132 784 301 856 tantusque
321 782 413 839 ardor
431 784 475 850 ut,
499 798 559 839 non
580 783 735 840 contenti²
758 782 881 855 agmine
909 784 940 840 ct
965 800 1069 857 corpo-

134 880 250 948 ribusss,
269 880 301 936 in
324 882 483 954 suggestu,
511 880 617 956 inquo
634 880 725 955 paulo
750 883 821 938 anto
846 897 939 937 aurea
965 880 1069 938 Galbae

134 980 238 1037 statua
261 977 377 1046 fuerat,
398 978 531 1036 medium
555 979 637 1037 inter
656 979 744 1052 signa
775 978 924 1036 Othonem
946 977 1069 1035 vexillis

132 1077 368 1136 circumdarent.
387 1076 452 1136 Nec
470 1078 604 1135 tribunis
624 1079 678 1161 aut
692 1075 921 1134 centurionibus
939 1075 1070 1133 adeundi
1114 1094 1117 1099 ·

132 1175 238 1234 locus:
281 1174 440 1249 gregarius
470 1176 557 1233 miles
590 1174 692 1233 caveri
732 1175 856 1249 insuper
890 1174 1070 1248 praepositos

128 1273 270 1348 jubebat.
301 1275 444 1349 Strepere
472 1275 582 1331 cuncta
610 1272 793 1330 clamoribus
821 1276 852 1330 et
880 1271 1013 1330 tumultu
1039 1274 1070 1329 et

132 1371 350 1430 exhortatione
373 1373 493 1439 mutua,
510 1388 570 1428 non
584 1372 740 1443 tamquam
761 1370 792 1426 in
807 1369 918 1444 populo
932 1387 968 1427 ac
982 1369 1070 1444 plebe

132 1470 231 1528 variis
260 1469 346 1544 segni
375 1467 568 1526 adulatione⁴
596 1468 741 1537 vocibus,
775 1468 826 1525 sed
859 1470 893 1525 ut
921 1485 1069 1542 quemque

131 1560 324 1626 affluentium
347 1567 480 1624 militum
498 1567 717 1642 adspexerant,
745 1581 890 1642 prensare
907 1566 1066 1635 manibus,

114 1665 294 1741 complecti
314 1665 438 1734 armis5,
465 1665 613 1723 collocare
633 1664 740 1740 juxta,
768 1664 877 1739 praeire
898 1679 1068 1722 sacramen-

131 1765 228 1834 tum⁶‚
250 1764 338 1821 modo
360 1762 572 1839 imperatorem
592 1761 756 1831 militibus,
778 1763 866 1820 modo
884 1763 998 1820 milites
1014 1763 1067 1820 im·

132 1857 270 1938 peratori
292 1861 511 1922 commendare.
543 1863 608 1922 Nec
633 1863 755 1921 deerat⁷
781 1863 860 1921 Otho
885 1862 1068 1938 protendens

132 1978 242 2020 manus
268 1961 414 2018 adorare⁸
438 1960 562 2034 vulgus,
586 1960 690 2036 jacere
709 1961 812 2019 oscula
833 1963 864 2018 et
884 1961 986 2018 omnia
1006 1978 1067 2018 ser-

132 2059 259 2117 viliter⁹
279 2076 334 2134 pro
349 2058 565 2118 dominatione.
584 2059 751 2133 Postquam
769 2059 914 2117 universa
928 2059 1067 2117 classico-

133 2175 204 2215 rum
213 2159 236 2194 ¹⁰
251 2157 331 2232 legio
347 2158 570 2214 sacramentum
581 2156 647 2232 ejus
658 2157 816 2231 accepitll,
830 2156 925 2216 fidens
936 2157 1066 2227 viribus

133 2258 165 2312 et
185 2271 260 2330 quos
286 2256 384 2313 adhuc
409 2255 545 2330 singulos
570 2254 836 2323 &stimulaverat
863 2255 1068 2313 accendendos

132 2354 165 2411 in
185 2370 343 2411 commune
361 2356 447 2411 ratus
465 2370 520 2428 pro
530 2354 553 2391 ¹²
567 2351 648 2410 vallo
668 2353 837 2410 castrorum
856 2353 901 2411 ita
916 2353 1018 2428 coepit.

625 2477 757 2527 Ascanium
780 2477 841 2527 lusis
853 2477 945 2528 circum
967 2479 1009 2544 (=
1020 2479 1066 2528 cir-

165 2487 189 2529 6.
208 2480 303 2544 lmipni
317 2483 414 2538 animo,
432 2478 482 2530 abl.
503 2478 534 2528 de
551 2480 575 2528 la

624 2543 752 2607 oumlusis)
768 2544 939 2608 complectitur
950 2545 1031 2595 armis,

133 2545 242 2612 qualite,
256 2544 318 2595 su'ivi
330 2546 361 2594 de
373 2545 438 2596 deux
450 2543 573 2608 adjectifs.

132 2613 286 2676 liemarquez
295 2613 319 2660 la
327 2615 407 2662 meme
416 2611 505 2660 variato
513 2612 574 2660 dans

131 2679 168 2727 les
188 2678 365 2742 complements
382 2678 535 2727 minantibus
550 2686 575 2726 et

130 2745 254 2793 adversm
269 2743 430 2801 blandientes.

166 2840 220 2882 80.
239 2841 260 2882 1.
280 2833 388 2891 Castris,
406 2833 430 2882 le
444 2849 515 2899 camp
531 2832 574 2883 des

131 2898 278 2964 pretoriens.

164 2972 214 3013 2ct
225 2971 248 3014 3.
272 2963 328 3013 Non
348 2966 468 3022 contenti,
493 2979 524 3012 nc
547 2980 573 3012 se

131 3037 275 3080 contentant
284 3044 328 3093 pas
341 3028 372 3077 de
384 3030 450 3078 leurs
460 3045 531 3094 range
540 3052 574 3072 =

131 3111 180 3145 non
200 3104 313 3144 contenta
333 3092 365 3142 do
387 3093 519 3144 l'cutourer
541 3095 572 3144 dc

131 3162 196 3209 leurs
203 3176 285 3225 rangs3
292 3160 437 3222 corporibus
445 3169 481 3208 est
490 3157 573 3222 ajoute

132 3242 193 3290 pour
199 3225 324 3290 exprimet·
332 3225 356 3273 la
366 3229 443 3275 meme
452 3224 507 3274 idee
515 3241 572 3274 avec

131 3292 186 3355 plus
197 3291 229 3340 de
241 3291 318 3340 iorce.

161 3381 184 3421 4.
208 3369 389 3423 acclamations
411 3371 504 3422 variecs
527 3389 572 3438 par

131 3453 178 3488 une
189 3437 318 3488 adulation
331 3436 460 3487 hesitantc.

162 3527 184 3571 5.
202 3520 289 3570 Seri-er
300 3517 363 3567 dans
370 3535 408 3567 ses
415 3519 472 3569 bras
482 3521 571 3583 (armis

131 3586 274 3648 deamata).
283 3583 321 3635 Gi.
333 3583 568 3650 Virg.AEn.12,t32:
589 3605 594 3615 ·

657 2615 679 2659 6,
699 2608 755 2657 Dirc
767 2619 839 2657 avant
856 2625 890 2657 un
903 2619 971 2659 autre
984 2611 1007 2658 la
1020 2610 1066 2658 ior-

624 2674 691 2722 mule
700 2673 892 2733 duserment‚la
900 2673 961 2724 faire
969 2678 1066 2740 rc'pdtcr

624 2743 638 2788 d
650 2738 795 2804 quelqu'un.

657 2812 679 2852 7.
699 2806 805 2863 Deerat,
819 2821 851 2854 ne
864 2805 990 2870 manquait
1010 2821 1063 2870 pas,

623 2869 794 2935 s'cmprcssait.
815 2872 906 2920 Dorum
923 2887 980 2920 aveo
1000 2871 1062 2920 l'inf.

623 2946 660 2984 cst
680 2936 810 3000 poe'tique;
835 2936 938 2986 Cicercn
959 2937 1065 3002 emploie

623 3017 651 3050 cc
663 3001 736 3050 verbe
748 3017 805 3050 aveo
817 3004 956 3064 quominus.

622 3130 633 3179 f
655 3073 678 3116 8.
698 3065 844 3130 Temoigner
855 3083 898 3115 son
909 3076 1005 3132 respect
1016 3069 1030 3117 i
1040 3070 1064 3117 la

633 3133 698 3182 oulc.

655 3204 677 3246 9.
691 3197 829 3256 serviliter,
843 3213 877 3246 sc.
886 3199 977 3264 [acere.
989 3200 1016 3249 V.
1026 3215 1062 3264 gr.

622 3261 654 3310 dc
665 3263 722 3311 Tac.
740 3269 788 3313 162.

656 3335 690 3376 10.
710 3327 888 3385 Cloaaiccrttm,
899 3345 920 3378 v.
930 3328 998 3388 cho,
1007 3346 1031 3376 n.
1039 3337 1062 3379 9.

656 3401 691 3442 ll.
710 3393 840 3444 Consentit
851 3397 865 3442 d
877 3393 912 3442 lui
925 3398 1006 3458 preter
1015 3410 1064 3443 ser-

621 3469 698 3508 ment.

655 3531 691 3573 12.
707 3525 772 3582 Pro,
792 3524 827 3574 du
846 3524 905 3574 haut
920 3523 959 3575 de.
981 3525 1010 3576 tl.
1024 3540 1060 3590 gr.

621 3587 652 3637 de
664 3588 720 3639 Tac.
739 3598 788 3641 154.
