2326 3922
177 262 217 322 74
400 274 544 319 connnnn
563 272 664 318 uncrrr
684 271 896 318 nrsroamaun

176 404 369 482 provinciam
390 404 640 466 Narbonensom⁵
655 405 693 463 ad
708 403 871 466 Vitellium
889 401 1003 472 vertit,
1030 399 1116 460 facili

175 503 311 562 transitu
334 502 371 562 ad
393 502 550 578 proximos
571 504 603 562 et
621 502 800 564 validiores.
828 501 1019 577 Longinquae
1046 515 1115 575 pro·

175 602 287 661 vinciae
312 604 343 661 et
372 602 538 678 quidquid⁶
563 618 718 661 armorum
738 600 817 659 mari
843 599 1002 659 dirimitur
1023 612 1117 673 penes

177 700 329 759 Othonem
357 701 538 770 manebant,
570 716 631 758 non
656 699 792 774 partium
821 697 939 766 studio,
971 695 1023 754 sed
1049 697 1117 753 erat

176 798 293 873 grande
322 801 509 857 momentum
538 798 570 856 in
600 796 723 855 nomine
765 796 851 853 urbis
880 810 916 852 ac
945 793 1115 869 praetexto⁷

175 899 314 965 senatus,
332 899 363 955 et
378 898 581 972 occupaverat
602 895 720 954 animos
742 894 828 978 prior
842 893 976 953 auditus.
1001 891 1114 952 ludaei-

175 1012 243 1052 cum
258 995 427 1054 exercitum
440 996 664 1072 Vespasianus,
683 993 783 1070 Syriae
797 991 934 1066 legiones
950 990 1115 1049 Mucianus

176 1095 367 1151 sacramento
389 1094 520 1153 Othonis
541 1093 686 1168 adegere3
709 1089 800 1150 simul
817 1090 976 1165 AEgyptus
997 1104 1115 1147 omnes·

176 1208 234 1266 que
254 1207 352 1250 versae
373 1191 405 1249 in
421 1191 579 1251 Orientem
600 1191 768 1268 provinciae
792 1189 915 1247 nomine
940 1187 1007 1263 ejus
1030 1189 1115 1245 tene-

175 1289 299 1348 bantur.
333 1288 418 1349 Idem
441 1289 555 1348 Africae
578 1289 771 1366 obsequium,
799 1286 909 1346 initio8
928 1286 1116 1362 Carthagine

176 1390 255 1446 orto
275 1387 382 1464 Neque
394 1390 572 1464 exspectata
582 1388 727 1464 Vipstani
737 1384 909 1462 Aproniani
924 1384 1116 1461 proconsulis

176 1485 362 1544 auctoritate
374 1489 535 1557 Crescens,
552 1487 686 1548 Neronis
700 1485 831 1544 libertus
843 1480 927 1561 (nam
940 1485 970 1542 et
981 1483 1014 1540 hi
1025 1483 1117 1541 malis

175 1585 366 1660 temporibus
393 1587 513 1660 partem
542 1603 574 1645 se
595 1586 641 1644 rei
666 1584 797 1661 publicae
821 1578 967 1658 faciunt),
991 1581 1115 1657 epulum

175 1679 258 1756 plebi
273 1681 311 1738 ob
331 1680 474 1740 laetitiam
492 1683 625 1741 recentis
644 1679 767 1758 imperii
786 1679 954 1749 obtulerat,
971 1682 1003 1738 et
1021 1695 1115 1754 popu·

172 1776 240 1835 lus⁹
260 1777 405 1855 pleraque
420 1779 487 1838 sine
501 1781 590 1839 modo
605 1778 767 1840 festinavit
775 1778 809 1839 ¹⁰.
830 1777 1054 1852 Carthaginem
1067 1792 1114 1835 ce-

176 1876 252 1934 teree
274 1876 418 1936 civitates
440 1880 561 1939 secutae.

218 1985 269 2044 77.
294 1985 346 2045 Sic
365 1986 523 2046 distractis
538 1986 725 2049 exercitibus
739 2005 775 2047 ac
789 1985 971 2065 provinciis
987 1985 1116 2048 Vitellio

177 2083 299 2159 quidem
327 2085 365 2143 ad
394 2087 610 2161 capessendam
634 2087 827 2162 principatus
856 2085 1010 2144 fortunam
1035 2083 1116 2143 bello

175 2199 251 2258 opus
264 2185 347 2252 erat,
362 2184 441 2242 Otho
452 2185 487 2242 ut
499 2182 531 2241 in
543 2183 641 2243 multa
652 2201 727 2260 pace
738 2185 844 2243 munia
859 2182 981 2258 imperii
997 2181 1114 2249 obibat,
1133 2260 1136 2264 Δ

176 2281 314 2356 quaedam
339 2298 377 2340 ex
403 2280 556 2356 dignitate
584 2282 630 2340 rei
658 2282 803 2359 publicae,
835 2281 979 2357 pleraque
1008 2283 1117 2338 contra

175 2379 267 2437 decus
278 2396 316 2437 ex
327 2379 472 2455 praesenti
484 2396 541 2438 usu
553 2382 770 2456 properend01.
786 2380 898 2440 Consul
909 2398 978 2437 cum
990 2379 1115 2437 Titiano

175 2475 273 2535 fratre
293 2477 326 2535 in
346 2476 514 2536 kalendas²
540 2479 672 2538 Martias
698 2480 779 2555 ipse;
807 2479 963 2554 proximos
977 2478 1116 2536 menses³

208 2625 230 2670 5.
266 2622 301 2671 La
338 2619 415 2672 Gaule
441 2619 621 2679 Narbonuaisc,
672 2620 818 2672 c'est-ddire
833 2620 1115 2696 litavecpre'cipitation

175 2686 256 2735 dl'est
270 2685 301 2735 de
317 2685 480 2752 l’Aquiteine‚
494 2686 624 2736 s'etendait
672 2703 701 2737 ce
724 2687 767 2752 qui
796 2704 823 2738 se
850 2687 894 2737 lais
922 2687 1116 2736 ordinauement

175 2750 220 2800 des
232 2752 354 2817 Pyrene‘es
366 2760 390 2801 et
403 2751 434 2800 de
448 2751 472 2800 la
483 2751 624 2801 Mediterra-
672 2752 757 2816 quand
768 2768 803 2802 un
815 2768 944 2817 empereur
953 2762 990 2801 est
1002 2756 1116 2802 renvcrse'

176 2819 223 2865 nc¹e
232 2815 367 2881 jusqu’aux
378 2815 454 2882 Alpes
467 2825 491 2866 et
501 2832 531 2866 au
544 2817 582 2867 lac
591 2817 623 2866 de
672 2827 696 2867 et
708 2819 830 2882 complace
860 2834 887 2867 ar
898 2834 931 2866 un
944 2827 1022 2867 autre.

175 2881 282 2931 Genese.
293 2881 331 2931 cl.
346 2882 555 2939 ch.48,note,ll.
707 2889 760 2932 w.
788 2891 808 2932 1.
856 2885 997 2946 ropcraodo
1017 2897 1031 2931 a
1052 2898 1116 2947 pour

209 2947 623 3010 o.Quidquid-dirimilur,toutes
671 2947 837 3014 complement
853 2951 981 3011 ploraque.

176 3009 212 3060 les
231 3014 326 3060 armees
347 3013 460 3075 se'parees
481 3012 512 3062 de
533 3011 622 3063 l'Italie
704 3021 726 3062 2.
746 3014 775 3063 ln
788 3013 905 3063 kalendas
914 3015 1029 3062 Martias.
1042 3012 1063 3062 Il
1077 3012 1115 3060 fut

105 3102 108 3106 ·
176 3075 456 3141 parluhlediterrane'e.
671 3079 758 3127 consul
778 3094 836 3128 avec
853 3094 897 3128 son
916 3078 979 3128 frere
996 3076 1114 3142 jusqu'au

210 3148 233 3190 ’1.
252 3141 387 3201 Preteclo,
399 3141 514 3209 prestigc.
529 3143 568 3194 cf.
580 3143 619 3194 ch.
651 3193 655 3200 ,
670 3143 778 3208 premier
788 3159 866 3202 mars,
879 3159 910 3192 en
922 3144 1115 3208 remplacement

178 3211 219 3264 19,
235 3215 293 3255 note
307 3214 329 3255 5.
671 3208 703 3257 de
718 3208 796 3259 Galba
815 3217 840 3258 et
857 3208 889 3258 dc
904 3207 1003 3266 Vinius,
1024 3210 1079 3256 tues
1092 3209 1115 3256 le

210 3277 232 3319 8.
246 3271 320 3321 Initio
329 3278 395 3330 orto,
408 3288 430 3321 v.
442 3289 478 3338 gr.
489 3272 520 3322 de
529 3272 557 3323 T.
570 3281 619 3323 172.
672 3281 698 3322 15
716 3271 820 3335 janvier.
848 3273 867 3323 ll
889 3272 927 3322 fut
945 3272 1009 3322 donc
1028 3274 1114 3321 coawl

209 3341 232 3409 ⁹:
253 3335 374 3399 Populus,
394 3341 487 3403 oppose
508 3340 522 3387 t
540 3340 618 3403 plebi,
669 3338 800 3403 suffectus,
822 3338 846 3388 le
866 3354 924 3388 nom
949 3337 981 3387 de
1003 3340 1114 3387 consules

180 3414 223 3465 qur
243 3401 357 3464 procede.
670 3406 798 3454 ordinarii
812 3406 880 3453 etant
899 3405 995 3453 reserva
1015 3405 1030 3451 d
1049 3418 1114 3452 ceux

211 3471 247 3513 10.
278 3466 400 3530 Pleraque
423 3495 456 3504 —
478 3469 619 3530 festinavit,
671 3469 714 3533 qui
726 3468 848 3518 entreient
866 3485 898 3518 en
915 3469 1004 3535 charge
1024 3468 1048 3517 le
1060 3483 1114 3532 pre

176 3529 298 3599 pricipita
316 3532 339 3581 la
352 3533 452 3600 plupart
464 3532 507 3584 des
519 3533 619 3594 choses,
669 3534 732 3584 mier
746 3533 849 3600 janvlcr.
874 3535 966 3601 Depuis
985 3535 1112 3599 Auguste,
