2346 3922
866 274 876 287 .
936 224 998 293 215

61 379 157 438 Asia⁹
179 379 244 455 (pro
265 379 387 437 consule
395 380 419 416 ¹⁰
439 396 506 437 eam
526 379 718 454 provinciam
743 393 844 434 annuo
870 375 998 452 impe'rio

60 476 216 552 tenuerat)
232 476 348 535 Moesiae
362 477 544 552 praepositus
555 479 615 546 est,
633 475 746 535 additis
760 475 856 550 copiis
871 493 887 533 e
902 477 998 535 Vitel-

61 576 147 633 liano
162 575 315 643 cxercitu,
332 592 420 649 quem
436 577 539 652 spargi
561 593 616 652 per
634 575 809 652 provincias
824 577 855 632 et
873 576 1001 633 externo

61 673 144 731 bello
160 673 276 747 illigari
290 689 361 748 pars
376 674 496 732 consilii
516 675 659 751 pacisque
675 675 751 735 erat.

106 771 158 829 47.
181 770 247 829 Nec
261 771 370 828 ceterae
385 771 524 830 nationes
545 771 689 833 silebant.
716 770 826 830 Subita
846 786 901 844 per
919 770 998 826 Pon-

62 870 148 926 tum¹
171 886 257 927 arma
284 868 448 926 barbarum
483 870 687 945 mancipium,
719 868 813 943 regiae
847 868 1000 942 quondam
1067 923 1069 927 .

64 968 189 1026 classis2
204 967 375 1042 praefectus,
388 969 536 1028 moverat.
552 967 581 1025 Is
596 966 655 1025 fuit
666 967 813 1024 Anicetus
826 964 1002 1024 Polemonis

63 1065 210 1133 libertus,
241 1066 412 1140 praepotens
441 1063 529 1132 olim,
562 1065 593 1120 et
620 1064 781 1138 postquam
809 1080 939 1137 regnum
969 1063 1001 1119 in

63 1163 194 1221 formam
228 1163 395 1237 provincia
423 1167 575 1234 verterat,
611 1166 792 1222 mutationis
825 1165 1000 1240 impatiens.

65 1263 167 1338 Igitur
187 1263 308 1323 Vitellii
330 1266 451 1323 nomine
473 1265 598 1324 adscitis
619 1265 763 1340 gentibus
782 1281 849 1338 quae
871 1264 1005 1322 Pontum

65 1361 222 1431 accolunt,
254 1366 398 1438 corrupto
428 1363 460 1420 in
489 1379 573 1436 spem
601 1362 779 1437 rapinarum
808 1361 1006 1435 egentissimo

66 1475 202 1533 quoque,
226 1458 307 1516 haud
321 1460 492 1517 temnendae
506 1477 614 1518 manus
629 1460 737 1517 ductor
751 1458 1003 1533 Trapezuntem,

66 1559 191 1615 vetusta
211 1556 292 1616 fama
313 1559 471 1618 civitatem
492 1560 641 1619 aGraecis
662 1559 694 1615 in
715 1559 853 1614 extremo
868 1555 1006 1613 Ponticae

68 1670 130 1712 orae
145 1654 314 1724 conditam,
329 1656 449 1714 subitus
461 1656 584 1731 irrupit.
599 1656 684 1714 Caesa
695 1656 738 1713 ibi
750 1656 872 1724 cohors,
886 1654 1005 1729 regium

67 1752 237 1811 auxilium⁴
259 1752 346 1821 olim;
370 1771 439 1811 mox
459 1753 582 1811 donati5
603 1753 731 1811 civitate
753 1753 892 1811 Romana
917 1753 1007 1825 signa

67 1866 214 1923 armaque
236 1850 268 1906 in
290 1851 428 1908 nostrum
449 1850 599 1918 modumss,
617 1850 764 1908 desidiam
789 1849 1006 1922 licentiamque

68 1949 244 2006 Graecorum
272 1947 458 2005 retinebant.
496 1945 594 2004 Classi
623 1964 741 2021 quoque
769 1945 851 2004 faces
879 1944 1003 2013 intulit,

67 2062 164 2102 vacuo
190 2045 268 2102 mari
294 2043 447 2113 eludens.
461 2043 534 2118 quia
559 2042 742 2101 lectissimas
770 2042 1007 2099 Liburnicarum

69 2160 248 2218 omnemque
275 2143 406 2200 militem
446 2143 607 2201 Mucianus
634 2141 818 2216 Byzantium
846 2140 1002 2215 adegerat.

68 2241 149 2304 Quin
178 2243 209 2297 et
236 2241 361 2298 barbari
384 2241 583 2315 contemptim
611 2240 815 2313 vagabantur,
846 2238 1006 2296 fabricatis

67 2342 195 2415 repente
224 2339 354 2397 navibus
383 2337 549 2413 (camaras⁷
568 2336 690 2411 vocant)
717 2336 814 2394 artis8
838 2334 1004 2403 lateribus,

68 2438 135 2497 lata
162 2439 248 2507 alvo,
280 2439 346 2496 sine
374 2436 497 2494 vinculo
520 2438 590 2495 aeris
621 2438 676 2494 aut
706 2434 783 2492 ferri
814 2450 946 2501 conexa3
978 2435 1009 2490 et

320 241 411 291 amaa
424 247 476 312 m.
500 247 566 292 cnr.
591 222 723 290 45-47.

565 2577 627 2626 dans
640 2577 664 2625 le
675 2576 751 2633 Pone,
771 2590 814 2622 sur
825 2574 849 2622 la
861 2589 913 2622 mer
924 2573 1006 2623 Noire.

597 2650 620 2690 4.
640 2642 743 2704 Reqium
751 2641 956 2696 coaetaneum,
966 2639 1009 2703 qui

104 2588 126 2630 9.
140 2577 435 2645 Eedsiosprachylogie),
444 2579 516 2642 apres

70 2642 514 2712 avoivgouvernelaprovinced’dsie.

106 2719 142 2761 10.
160 2712 213 2761 Pro
223 2713 330 2760 consule.
356 2709 441 2760 L'Asic
457 2708 517 2757 erait

71 2794 122 2827 une
140 2777 257 2842 province
277 2775 436 2832 servatorium,
458 2790 517 2839 gou-

71 2845 162 2893 vernee
180 2858 225 2907 par
241 2858 274 2890 un
291 2841 432 2906 proconsul.

106 2916 161 2956 ss.
175 2916 196 2957 l.
209 2909 326 2957 Pontum.
340 2907 377 2956 Un
387 2906 515 2965 Polemon,

72 2973 206 3038 originaire
218 2973 249 3021 de
262 2973 285 3020 la
297 2970 413 3037 province
424 2969 516 3027 d'dsie‚

72 3040 137 3088 avait
159 3054 217 3096 recu
240 3036 371 3086 d’dntoine
393 3052 427 3084 un
457 3034 519 3099 petit

73 3106 211 3170 royaumed
222 3103 311 3152 l'ouest
322 3101 353 3151 de
365 3100 519 3149 Tro'bizonde

72 3169 173 3234 (appele
199 3170 292 3218 Pontus
313 3165 518 3230 Polemoniacus).

73 3235 139 3284 Sous
157 3249 200 3282 son
217 3233 269 3293 fils,
293 3233 411 3281 Polemon
429 3231 466 3287 11,
491 3246 519 3280 cc

74 3315 191 3366 royaume
210 3298 247 3347 sut
266 3298 360 3362 change
379 3312 424 3361 par
438 3297 520 3344 Neron

72 3367 111 3428 (63
130 3380 183 3429 apr.
202 3364 279 3428 J.-G.)
296 3379 326 3413 en
348 3361 464 3427 province
484 3376 521 3411 ro·

73 3429 167 3480 maine.

107 3504 132 3545 2.
151 3495 231 3544 Flotte
246 3493 280 3542 du
292 3493 329 3544 roi
341 3493 457 3542 Polemon
471 3492 503 3541 11.
543 3549 548 3557 ‚

108 3568 131 3615 3.
153 3561 345 3626 Trapezuotm,
357 3557 521 3617 Trebizonde‚

565 2704 664 2756 formait
684 2704 802 2754 autrefois
823 2705 846 2752 le
864 2703 1010 2770 contingent

566 2771 696 2822 auxiliaire
708 2771 741 2819 du
755 2769 800 2818 roi.

599 2846 621 2886 5.
635 2838 786 2886 Maedoaoti
795 2836 1011 2884 (1111111111αωὶ-

565 2904 677 2964 liireqii.

600 2975 622 3016 6.
636 2968 736 3016 Modum
747 2981 781 3014 sc.
792 2964 924 3022 debebant,
936 2964 1011 3029 qu'on

567 3033 614 3082 tire
626 3032 657 3080 de
669 3032 822 3087 collacteam
832 3029 890 3078 c'est
899 3030 964 3080 donc
976 3049 1010 3080 un

568 3113 679 3162 zeugma.
692 3098 720 3147 V.
731 3112 768 3161 gr.
783 3095 814 3143 de
826 3094 894 3152 Tac,
910 3103 959 3144 176.

601 3171 623 3211 ’1.
643 3162 765 3212 Gamerae
784 3160 903 3226 (καμάρα,
916 3160 1011 3225 vodio),

569 3226 672 3277 attribui
689 3227 721 3276 de
739 3242 815 3275 nauca
831 3242 871 3274 eas
892 3236 1012 3276 sous-ent.

570 3295 607 3344 On
619 3294 655 3340 les
664 3291 772 3357 appelait
784 3291 846 3340 ainsi
856 3307 930 3356 parce
939 3291 1014 3356 qu'on

570 3359 670 3424 pouvait
689 3358 726 3405 les
741 3356 867 3405 recouvrir
883 3356 942 3404 d‘un
954 3366 1016 3421 pont

571 3440 602 3473 en
615 3422 694 3472 forme
706 3422 738 3470 de
751 3422 806 3471 teil.

605 3495 627 3537 8.
655 3488 840 3545 Artis-alvo,
870 3485 956 3535 c'troits
986 3485 1018 3535 de

572 3553 635 3606 bord
645 3590 651 3613 ‚
663 3555 743 3621 larges
754 3551 789 3602 du
800 3561 895 3604 ventre.
