2346 3922
939 109 1001 170 305

62 269 162 326 pauca
175 269 269 329 supra
282 258 435 331 repetiero
449 257 488 314 ab
503 257 612 315 initio⁴
628 258 788 334 causisque
802 257 911 317 talium
927 258 998 317 faci·

61 369 172 411 norum
204 371 265 412 non
299 356 459 415 absurda⁵.
497 357 591 433 Legio
620 358 652 415 in
691 358 795 416 Africa
824 359 1000 434 auxiliaque

59 453 218 511 tutundis⁶
229 454 351 530 imperii
365 455 478 514 finibus
493 457 548 514 sub
564 457 654 515 divo⁷
665 441 805 533 Augusto
816 457 1000 533 Tiberioque

58 551 252 627 principibus
276 556 451 630 proconsuli
472 558 621 632 parebant
629 559 651 617 ⁸.
674 558 748 617 Mox
770 557 864 617 Gaius
886 559 998 626 Caesar,

58 649 202 708 turbidus
222 652 317 710 animi
332 670 368 711 ac
383 653 521 712 Marcum
540 653 699 712 Silanum⁹
714 655 904 713 obtinentem
919 653 1000 713 Atri-

41 763 128 807 -cam
147 749 303 819 metuenS‚
325 749 460 809 ablatam
481 751 654 826 proconsuli
677 751 830 828 legionem
851 753 944 810 misso
968 752 999 808 in

42 862 130 905 ‚eam
150 863 215 904 rem
230 846 332 924 legato
350 849 490 908 tradidit.
513 851 668 924 AEquatus
690 851 772 909 inter
796 851 871 909 duos
890 850 1000 909 benefi-

41 980 45 985 -
59 947 180 1003 ciorum
188 947 211 982 ¹⁰
226 965 380 1018 numerus,
400 951 431 1006 et
445 949 552 1007 mixtis
567 949 727 1024 utriusque
741 949 894 1007 mandatis
904 950 924 985 ¹¹
941 949 1000 1007 dis-

58 1044 167 1102 cordia
181 1045 309 1118 quaesita
330 1048 479 1120 auctaque
500 1063 595 1122 pravo
617 1048 794 1108 certamine.
815 1047 1001 1122 Legatorum

51 1143 111 1219 jus
124 1143 260 1202 adolevit
277 1143 482 1203 diuturnitate
491 1146 514 1182 ¹²
535 1145 642 1213 officii,
667 1145 717 1203 vel
738 1146 811 1220 quia
832 1144 1001 1202 minoribus

54 1239 159 1316 major
188 1242 351 1301 aemulandi
376 1261 466 1312 cura,
496 1243 710 1318 proconsulum
736 1243 1000 1319 splendidissimus

46 1338 187 1414 quisque
208 1340 368 1398 securitati
388 1340 487 1416 magis
508 1358 598 1416 quam
619 1342 765 1418 potentiae
787 1340 997 1400 consulebant.

102 1445 153 1506 49.
177 1447 254 1506 Sed¹
275 1449 341 1506 tum
359 1448 510 1523 legionem
531 1448 563 1505 in
582 1448 687 1506 Africa
705 1449 832 1522 regebat
853 1446 998 1508 Valerius

58 1547 184 1615 Festus,
200 1550 384 1622 sumptuosae
398 1547 612 1605 adulescentiae
628 1564 724 1622 neque
739 1547 858 1605 modica
873 1546 999 1621 cupiens

60 1645 95 1702 et
108 1643 257 1703 affinitate
272 1645 392 1705 Vitellii
407 1646 528 1704 anxius.
553 1646 583 1703 Is
598 1645 713 1703 crebris
729 1645 918 1702 sermonibus
933 1646 997 1701 ten-

46 1743 217 1808 ⁴tuveritne
231 1744 376 1802 Pisonem
390 1736 428 1802 ad
443 1761 492 1801 res
507 1761 613 1812 novas,
630 1761 669 1801 an
683 1743 819 1802 tentanti
834 1743 995 1811 restiterit,

60 1839 229 1909 incertum,
258 1841 402 1916 quoniam
426 1841 561 1898 secreto²
582 1857 686 1898 eorum
712 1858 800 1898 nemo
825 1839 939 1908 adfuit,
967 1843 999 1897 et

324 123 417 167 imas
437 124 481 186 ru
505 124 571 168 cnr.
595 109 729 169 46-49.

57 1939 162 2023 'occiso
183 1939 296 1997 Pisone
314 1937 452 2014 plerique
473 1937 510 1995 ad
533 1937 665 2011 gratiam
684 1936 890 1996 interfectoris
912 1935 999 2020 incli-

58 2023 185 2097 narere.
202 2038 267 2098 Nec
281 2038 450 2113 ambigitur
468 2037 658 2112 provinciam
674 2039 704 2095 et
718 2037 848 2096 militem
862 2034 998 2093 alienato

59 2136 153 2210 erga³
174 2135 396 2211 Vespasianum
416 2135 518 2192 animo
539 2134 662 2204 fuisse⁴;
686 2137 718 2192 et
732 2135 855 2208 quidam
870 2151 886 2190 e
900 2130 997 2192 Vitel-

555 2273 713 2325 attributions
729 2273 846 2325 n'etaicnt
857 2290 901 2341 pas
913 2274 998 2325 cluire-

93 2285 117 2327 l.
135 2277 222 2336 Initio,
236 2277 342 2343 origine.

555 2350 622 2389 ment
634 2340 746 2390 definies.

94 2350 117 2392 5.
136 2343 253 2393 Absurde
264 2343 295 2392 ub
305 2365 336 2387 =
345 2343 430 2391 olicae
438 2341 478 2390 ab.

94 2417 117 2458 6.
139 2411 268 2468 luttrudis,
293 2409 357 2458 datii
374 2415 506 2472 marquant

58 2477 84 2527 le
96 2477 151 2535 but,
167 2493 236 2543 ugr.
248 2477 345 2526 deTac.
359 2481 395 2524 68.

93 2566 117 2607 7.
135 2560 211 2616 Diuo,
225 2556 334 2621 epitheto
345 2557 443 2606 donnee
455 2571 504 2604 anx

58 2641 203 2691 empcreurs
215 2626 287 2688 apres
296 2622 351 2671 leur
359 2623 502 2687 apotheose.

93 2716 116 2759 8.
134 2708 281 2757 Proconsuli
287 2706 422 2768 parebunt,
430 2724 504 2772 parce

34 2810 50 2828 .-
59 2790 110 2840 que
121 2772 242 2839 l'Alrique
254 2771 314 2821 ctait
325 2787 375 2820 une
387 2773 504 2836 province

58 2838 222 2897 senatorinle3
235 2838 271 2887 les
283 2853 450 2902 gouverncurs
460 2838 503 2887 des

57 2904 189 3020 provinces
199 2905 231 2954 de
248 2903 394 2970 l'cmpercur
410 2903 504 2969 s'uppe-

68 2970 135 3021 aient
146 2972 220 3033 legati
231 2973 374 3020 ruricolares
383 2986 416 3020 ou
431 2972 509 3034 legati.

56 3036 163 3100 Augusti
172 3052 222 3099 pro
231 3044 348 3099 praetore.

91 3125 114 3166 9.
127 3119 238 3177 Sdonus,
246 3117 380 3183 beau-pere
389 3117 420 3168 de
428 3117 504 3168 Gaius

57 3183 180 3249 Caligula,
193 3183 235 3249 qui
247 3182 271 3233 le
283 3183 350 3242 furca
361 3184 393 3234 de
403 3200 429 3233 se
439 3194 501 3235 tucr.

93 3274 129 3316 10.
152 3267 348 3332 Beneficiorum,
370 3268 406 3317 les
427 3266 504 3316 nomi-

58 3331 158 3385 nations
166 3349 214 3382 aux
225 3333 313 3398 grades
322 3334 384 3383 dans
393 3330 501 3383 l'armee.

82 3406 130 3455 ¹ll.
148 3400 232 3450 iliosis
260 3402 395 3452 recordatis.
426 3401 503 3451 Leurs

590 2414 624 2455 12.
650 2408 813 2456 Diutumu'tos
844 2407 930 2472 officii.
963 2408 998 2456 La

555 2471 631 2521 dures
643 2472 675 2521 de
690 2473 746 2521 leur
762 2472 852 2538 charge
864 2471 998 2537 dc‘pendait

554 2537 585 2586 de
608 2538 770 2602 temperent,
792 2537 941 2603 tenditque
962 2539 998 2587 les

554 2605 700 2668 proconsuls
716 2602 808 2654 etaient
819 2604 927 2670 changes
943 2603 999 2654 cha-

554 2672 704 2734 qucannec.

588 2757 642 2798 w.
657 2751 999 2836 1.Scdmarquesimplement

554 2815 583 2877 la¹
601 2814 746 2876 transition3
778 2827 838 2868 cest
862 2817 924 2867 ainsi
949 2835 998 2884 quc

553 2883 628 2939 dorso,
648 2897 679 2930 on
700 2881 820 2942 franceis,
841 2892 866 2932 et
883 2900 950 2942 aun,
965 2901 996 2933 en

553 2946 692 3005 allemand,
701 2957 756 2996 sont
764 2948 829 2998 aussi
840 2949 998 3013 quclqnefois

553 3013 679 3078 emploge's
701 3029 765 3077 pour
787 3029 903 3079 marquer
923 3015 997 3080 qu’on

553 3078 661 3142 reprcml
673 3078 696 3127 la
708 3077 772 3128 suite
781 3079 839 3128 d'un
852 3077 922 3129 recit.

586 3151 608 3192 2.
627 3143 735 3202 Secreto,
750 3144 995 3196 entretienssecrcts.

585 3216 607 3258 3.
626 3209 707 3272 Erga,
723 3226 744 3259 v.
758 3226 795 3275 gr.
809 3210 842 3260 de
853 3211 911 3260 Tac.
927 3219 978 3261 145.

584 3281 607 3323 4.
635 3274 701 3323 Pour
723 3274 784 3324 l'inf.
807 3278 878 3340 apres
897 3277 998 3340 ambigi-

552 3338 605 3398 tur,
616 3354 637 3388 u.
651 3355 688 3405 gr.
702 3339 733 3388 de
745 3340 802 3391 Tac.
816 3348 854 3400 46,
867 3357 900 3390 ou
910 3343 995 3393 Gantr.

553 3413 609 3464 151,
622 3412 649 3464 2,
663 3421 724 3454 rem.
739 3413 760 3455 l.
