2346 3922
389 281 479 324 arnna
499 282 520 322 1.
544 281 610 323 car.
633 263 767 321 78-80.
1000 264 1040 320 77

109 407 317 475 sarcinarum,
349 407 381 464 et
407 406 543 466 lubrico³
572 409 718 469 itinerum
739 411 880 486 adempta
896 428 1043 485 equorum

111 506 311 582 pernicitate,
334 504 420 564 velut
434 506 532 565 vincti
547 509 751 570 caedebantur.
779 510 920 584 Namque
934 509 1046 566 mirum

112 604 195 661 dictu
208 604 242 661 ut
253 604 295 662 sit
306 603 405 661 omnis
416 605 626 665 Sarmatarum
637 608 740 666 virtus
750 607 836 665 velut
847 609 936 666 extra
952 608 1044 682 ipsos

112 701 202 762 Nihil
226 701 265 759 ad
290 701 461 776 pedestrem
479 719 613 778 pugnam
638 706 702 762 tam
721 705 888 778 ignavum3
916 704 968 761 ubi
995 720 1050 778 per

111 801 231 858 turmas
245 799 426 869 advenere⁴,
443 800 498 858 vix
517 801 580 860 ulla
594 804 677 861 acies
691 803 877 862 obstiterit5.
910 803 969 862 Sed
984 806 1049 860 tum

112 896 215 954 umido
236 896 286 953 die
305 898 336 954 et
360 896 459 956 soluto
484 898 553 972 gelu
579 918 677 976 neque
702 902 786 960 conti
811 918 909 976 neque
934 901 1046 975 gladii,

113 1012 189 1071 quos
207 993 380 1070 praelongos
399 999 528 1173 utrffue
545 1016 637 1057 manu
657 1000 782 1073 regunt,
806 1000 904 1066 usui⁶,
928 999 1048 1073 lapsan-

113 1092 198 1151 tibus
212 1093 319 1167 equis⁷
338 1095 369 1151 et
384 1096 454 1152 cata
483 1097 622 1155 actarum
636 1098 778 1172 pondere.
808 1098 842 1155 Id
857 1096 1049 1172 principibus

114 1194 146 1250 et
165 1191 355 1250 nobilissimo
375 1174 483 1268 ouiq‘ue
505 1193 654 1268 tegimen,
681 1194 790 1253 ferreis
815 1193 970 1252 lamminis
995 1195 1050 1252 aut

112 1288 255 1364 praeduro
275 1289 358 1346 corio
377 1293 565 1359 consertum,
589 1293 624 1349 ut
641 1291 789 1348 adversus
815 1291 894 1349 ictus
917 1291 1048 1365 impene-

115 1386 243 1456 trabile,
271 1387 316 1446 ita
341 1388 455 1463 impetu
479 1389 614 1447 hostium
637 1388 809 1463 provolutis
834 1388 987 1446 inhabile8
1012 1387 1050 1445 ad

115 1485 353 1559 resurgendum
374 1486 465 1544 simul
483 1486 647 1545 altitudine
666 1488 697 1544 et
717 1485 849 1544 mollitia
870 1487 952 1544 nivis
978 1487 1050 1544 hau·

115 1584 287 1641 riebantur.
318 1585 476 1643 Romanus
500 1585 588 1644 miles
612 1584 732 1664 facilis⁹
756 1584 853 1643 lorica
882 1588 913 1642 et
941 1584 1051 1643 missili

116 1682 179 1757 pilo
190 1684 245 1740 aut
255 1681 371 1740 lanceis
382 1682 556 1752 adsultans,
574 1683 626 1740 ubi
642 1701 691 1741 res
702 1686 855 1758 posceret,
872 1681 934 1740 levi
950 1682 1052 1756 gladio

118 1779 296 1837 inermem¹⁰
315 1780 488 1838 Sarmatam
513 1779 623 1860 (neque
643 1781 725 1839 enim
744 1783 830 1839 scuto
846 1780 967 1838 delendi
987 1797 1051 1838 mos

118 1880 175 1953 est)
195 1877 363 1935 cornminus
383 1877 533 1947 fodiebat,
558 1879 651 1936 donec
673 1879 777 1953 pauci,
801 1879 854 1953 qui
876 1877 984 1952 proelio
1004 1895 1050 1935 su-

118 1974 311 2050 perfuerant,
330 1975 490 2061 paludibus
505 1975 700 2034 abderentur.
733 1976 779 2034 Ibi
802 1976 922 2033 saevitia
942 1975 1052 2033 hiemis

118 2090 154 2131 ac
168 2072 329 2131 vulnerum
348 2073 511 2149 absumpti.
537 2075 705 2149 Postquam
731 2075 761 2132 id
787 2075 893 2132 Romae
918 2091 1052 2148 comper-

119 2173 198 2239 tum,
221 2172 264 2229 M.
282 2171 435 2245 Aponius,
457 2172 598 2231 Moesiam
613 2172 769 2241 obtinens,
791 2170 971 2246 triumphali
991 2174 1051 2229 sta-

120 2270 216 2337 tua¹¹,
233 2267 351 2327 Fulvus
365 2269 508 2328 Aurelius
519 2273 550 2328 et
560 2270 703 2330 Julianus
716 2271 836 2330 Tettius
847 2286 883 2326 ac
894 2269 1054 2328 Numisius

121 2368 240 2442 Lupus,
263 2367 360 2444 legati
380 2367 548 2442 legionum,
571 2369 782 2427 consularibus
797 2368 985 2426 ornamentis
1004 2368 1054 2425 do·

121 2467 246 2533 uantur,
262 2463 333 2522 laeto
349 2467 466 2524 Othone
487 2468 518 2524 et
539 2463 669 2540 gloriam
691 2468 723 2523 in
743 2483 774 2523 se
792 2465 950 2534 trahente,
978 2466 1053 2522 tam-

122 2579 211 2637 quam
233 2565 264 2620 et
294 2562 359 2637 ipse
383 2562 489 2621 lelix¹²
517 2561 596 2620 bello
625 2563 656 2618 et
686 2560 749 2617 suis
777 2559 903 2618 ducibus
932 2559 1055 2634 suisque

121 2661 308 2719 exercitibus
327 2661 557 2738 rempublicam
573 2660 721 2719 auxisset.

163 2761 214 2819 80.
238 2761 340 2818 Parvo
352 2761 477 2818 interim
488 2760 593 2829 initi0,
608 2758 688 2816 unde
703 2756 782 2815 nihil
796 2755 973 2822 timebatur,
988 2755 1055 2811 orta

124 2857 234 2916 seditio
260 2873 353 2932 prope
379 2857 448 2915 urbi
475 2857 594 2915 excidio
619 2855 689 2915 fuit.
718 2853 887 2929 Septimam
908 2850 1056 2909 decimam

156 2999 179 3040 3.
198 2990 318 3048 Lubrica,
337 3006 359 3038 v.
374 3006 410 3055 gr.
424 2989 455 3039 de
466 2991 495 3039 Τ,
509 2997 545 3040 38.
646 2995 668 3038 9.
688 2989 794 3044 Facilis,
817 2986 890 3052 agile.

156 3065 180 3104 4.
199 3055 290 3104 Parlais
301 3056 332 3104 de
344 3056 368 3103 la
380 3055 520 3121 repetition.
535 3056 562 3105 V.
648 3062 684 3103 10.
703 3054 836 3110 lacernam,
862 3068 911 3100 non
941 3052 1055 3115 protege,

126 3122 209 3171 Gantr.
225 3128 278 3179 136,
292 3136 352 3170 rem.
366 3128 388 3168 2.
614 3119 754 3168 dc'couuert.

158 3195 180 3235 5.
199 3186 270 3250 Subj.
288 3185 418 3252 potentiol.
435 3186 463 3236 V.
483 3202 520 3252 gr.
534 3185 565 3236 de
648 3193 684 3234 ll.
697 3185 731 3233 Lc
742 3181 863 3245 triompho
873 3198 903 3231 ne
913 3180 1058 3230 s'accordait

126 3251 222 3308 Tacite,
235 3260 272 3301 77.
615 3250 671 3316 plus
691 3265 739 3298 aun
760 3251 884 3313 generauit
904 3247 993 3311 depuis
1010 3247 1058 3295 Au-

157 3325 180 3366 6.
204 3317 406 3367 dediscerent.
615 3325 699 3379 gustc;
720 3313 750 3361 ils
766 3311 903 3361 rcceuaient
921 3313 1058 3360 seulement

157 3391 180 3431 7.
207 3382 284 3445 Equis
304 3410 337 3419 -
355 3383 476 3445 pondere,
500 3380 567 3431 deux
616 3381 651 3428 les
668 3387 808 3428 ornaments
826 3376 860 3426 du
879 3377 1013 3441 triomplie‚
1033 3385 1059 3423 et

125 3448 175 3497 abl.
189 3447 221 3496 de
233 3464 315 3497 cause.
617 3443 1058 3509 quelqucfoisunetriurnpbctiasta-

156 3523 179 3564 8.
206 3514 318 3562 latrabile
346 3512 404 3578 (peu
420 3511 565 3577 manicabis),
617 3519 670 3560 tuo.
692 3508 958 3574 Gt.Agr.40,notel.

124 3579 289 3631 incommodo.
651 3581 686 3624 12.
706 3575 727 3623 F
728 3576 776 3623 elta
787 3589 821 3623 sc.
836 3574 933 3638 fuisset.
