2346 3922
148 181 208 243 152

145 347 210 388 rem
235 328 300 404 ejus
325 328 521 403 Volaginium
547 347 562 386 e
588 327 729 402 gregario
753 326 792 384 ad
821 343 938 384 summa
962 324 1088 384 militiae

146 428 344 503 provectum:
368 425 488 485 facilius
510 426 670 484 universos
692 423 807 500 impelli
833 440 923 498 quam
945 422 1086 497 singulos

146 525 253 582 vitari.

187 624 238 681 76.
263 622 319 680 His
334 623 498 698 pavoribus
514 625 671 680 nutantem
687 624 718 680 et
732 621 804 680 alii¹
820 621 915 695 legati
930 620 1085 694 amicique

147 721 325 788 firmabant,
339 723 370 778 et
384 720 544 779 Mucianus
559 722 627 796 post
642 719 753 778 multos
768 722 958 794 secretosque
973 734 1086 776 sermo-

149 822 220 878 nes²
227 818 293 894 jam
304 821 335 877 et
346 836 447 876 coram
460 817 504 876 ita
519 818 637 877 locutus
653 842 658 877 :
676 843 689 865 u
704 819 825 876 omnes³
840 818 891 892 qui
904 832 1085 890 magnarum

147 935 251 974 rerum
273 916 400 975 consilia
420 917 590 992 suscipiunt
615 917 767 975 aestimare
792 917 902 974 debent
921 915 979 974 aul
1004 914 1085 988 quod

149 1015 339 1073 inchoaturi⁵
352 1015 396 1072 rei
411 1014 539 1090 publicae
551 1013 637 1082 utile,
656 1015 731 1090 ipsis
742 1014 906 1088 gloriosum
918 1031 952 1070 ac
963 1028 1085 1088 promp-

148 1116 214 1171 tum
229 1112 335 1170 effectu
357 1114 410 1170 aut
432 1115 514 1170 certe
536 1129 595 1169 non
616 1113 744 1170 arduum
760 1113 816 1180 sit;
836 1111 926 1169 simul
945 1111 1009 1185 ipse
1030 1102 1084 1184 qui

149 1211 255 1269 suadet
270 1211 522 1268 considerandus6
534 1213 580 1269 est
594 1211 759 1286 adjiciatne
774 1210 900 1268 consilio
915 1208 1085 1286 periculum

149 1326 251 1376 suum,
276 1309 335 1398 etJ,
364 1310 390 1366 si
415 1307 539 1366 fortuna
563 1310 671 1383 coeptis
696 1307 842 1377 adiuerit,
866 1309 915 1365 cui
934 1324 1086 1367 summum

149 1408 240 1465 decus
260 1407 448 1482 acquiratur.
475 1407 539 1480 Ego
564 1409 610 1474 te,
627 1407 830 1481 Vespasium,
857 1405 896 1463 od
922 1405 1085 1481 imperium

149 1522 224 1562 voco
238 1507 301 1564 tam
321 1504 455 1562 salutare
475 1503 665 1579 reipublicae
684 1521 774 1578 quam
792 1503 850 1561 tibi
873 1502 1083 1578 magnifieum

146 1602 238 1677 juxta
259 1602 330 1660 deos
357 1603 464 1659 intua
484 1619 575 1658 manu
598 1602 731 1677 positum
753 1603 810 1659 est.
841 1601 926 1659 Nec8
953 1601 1085 1675 speciem

149 1699 303 1758 adulantis
319 1700 480 1775 expaveris
495 1723 501 1758 :
518 1717 537 1757 a
552 1699 736 1758 contumelia
757 1714 847 1773 quam
868 1716 887 1756 a
908 1699 995 1756 laude
1016 1715 1084 1774 pro·

80 1857 87 1866 ⁸
151 1797 219 1870 pius
244 1795 357 1853 fuerit⁹
378 1797 446 1871 post
460 1795 620 1853 Vitellium
646 1795 731 1868 eligi.
758 1795 827 1853 Non
853 1795 999 1854 adversus
1019 1794 1086 1852 divi

150 1895 282 1968 Augusti
298 1894 477 1952 acerrimam
488 1894 635 1961 mentem,
650 1910 704 1950 nec
718 1893 864 1952 adversus
878 1893 1086 1951 cautissimam

371 197 515 241 CORNELII
536 196 637 240 ulem
656 194 870 238 HISTORIARUM

152 1992 269 2050 Tiberii
290 1993 490 2059 senectutem,
509 2009 546 2048 ne
561 1992 668 2049 contra
684 1989 740 2050 Gai
762 1992 882 2066 quidem
897 1993 950 2049 aut
965 1989 1086 2049 Claudii

152 2089 201 2147 vel
216 2089 349 2148 Neronis
366 2087 523 2146 fundatam
545 2087 635 2161 longo
661 2088 790 2162 imperio
808 2087 928 2146 domum
948 2087 1087 2161 exsurgi-

151 2205 233 2255 mus;
260 2176 379 2245 cessisti
397 2186 490 2244 etiam
506 2184 609 2244 Galbae
631 2185 837 2259 imaginibus:
865 2188 985 2260 torpere
1004 2183 1089 2242 ultra

152 2289 183 2344 et
198 2285 390 2360 polluendam
404 2284 647 2360 perdendamque
662 2283 893 2359 rempublicam
914 2283 1089 2357 relinquere

65 2437 67 2442 .
152 2401 242 2460 sopor
267 2387 297 2442 et
317 2384 441 2458 ignavia
461 2383 628 2451 videretur,
653 2384 791 2441 etiamsi
812 2383 870 2442 tibi
890 2400 980 2457 quam
1002 2383 1088 2440 inho-

188 2518 241 2559 10.
256 2518 276 2559 l.
290 2509 596 2574 Biselli—firmabunt&

153 2578 186 2626 Μ.
199 2579 313 2626 -locutus
328 2583 374 2632 est,
393 2591 442 2624 non
458 2575 595 2623 seulement

151 2640 259 2692 d'aulres
279 2656 427 2705 personum,
449 2636 594 2688 c'est·t-dire

152 2724 191 2756 ses
200 2706 350 2757 lieulenants
358 2715 382 2755 ct
390 2721 428 2754 ses
438 2703 498 2752 amis
507 2701 595 2753 l’affer-

151 2771 292 2830 missuient,
314 2770 375 2819 mais
391 2785 480 2819 encore
497 2768 593 2818 Mucien

152 2837 186 2887 lui
201 2839 271 2902 paria
282 2853 312 2886 en
325 2851 448 2900 personne
461 2836 575 2898 (corum).

185 2911 207 2953 2.
221 2905 299 2968 Apres
308 2902 437 2965 beaucoup
447 2900 478 2950 de
487 2915 593 2950 commu·

152 2967 274 3019 nications
298 2965 495 3017 conlidentielles
522 2964 593 3013 laites

153 3031 593 3099 purdesamisetpar'l'itus(v.oh.5l.

186 3107 207 3148 3.
228 3099 317 3149 Omnes
334 3101 385 3161 qui.
408 3097 442 3146 (le
454 3095 532 3146 debut
548 3112 596 3145 res-

153 3163 247 3214 semble
259 3181 290 3214 au
300 3171 510 3213 commencement
522 3160 596 3210 d'une

153 3229 225 3278 lettre
248 3230 279 3279 de
302 3228 443 3278 Mithridate
470 3226 532 3274 dans
560 3228 596 3275 los

154 3294 217 3343 Hist.
238 3294 269 3344 de
288 3295 367 3344 salt:
387 3294 477 3344 Omnes
495 3294 594 3355 qui-‚

153 3360 310 3408 considerare
322 3359 408 3408 debeat
424 3359 527 3406 liceatne
543 3364 596 3405 lum

151 3440 238 3486 pacem
250 3440 334 3486 opere,
348 3427 418 3480 dein,
436 3425 502 3486 quod
513 3426 598 3486 quasi-

153 3497 205 3552 tur,
225 3493 317 3541 satiatae
331 3492 416 3556 piam,
435 3495 530 3547 turrem,
549 3490 598 3550 plo-

645 2510 753 2566 riosum,
772 2525 807 2558 ou
828 2511 973 2558 indecorum
994 2511 1036 2559 sit.

678 2582 701 2622 4.
719 2573 771 2631 Au,
794 2590 857 2640 pour
874 2589 943 2623 nuni.
962 2575 990 2622 V.
1003 2591 1042 2639 gr.
1056 2577 1089 2627 de

644 2639 701 2688 Tac.
718 2645 767 2688 136.

677 2713 700 2754 5.
719 2705 864 2754 inclinatum
876 2721 910 2754 sc.
923 2713 990 2755 sunt.

677 2777 698 2818 6.
713 2771 1010 2833 lpse-considerandus
1017 2780 1062 2830 est,
1070 2773 1088 2820 il

644 2835 696 2885 faut
710 2835 774 2883 tenir
781 2846 879 2902 comple
890 2836 922 2886 de
931 2837 955 2886 la
964 2853 1089 2901 personne

644 2900 686 2965 qui
707 2902 825 2951 conscille
846 2911 870 2950 et
890 2901 969 2951 saveir
991 2902 1086 2952 si

645 2965 760 3015 L'uuteur
778 2966 856 3016 aurait
874 2983 908 3032 pu
920 2967 989 3015 dire:
1009 2971 1087 3018 consi-

645 3033 786 3080 derandum
798 3041 833 3082 est
844 3035 979 3094 adjiciatur
992 3035 1032 3082 ille
1044 3037 1088 3098 qni

644 3098 743 3154 suadet,
758 3097 818 3146 mais
831 3114 886 3147 sans
899 3097 1090 3151 laireressortir

644 3163 709 3212 alors
726 3163 750 3212 la
766 3179 888 3227 personne
900 3163 934 3212 du
946 3163 1087 3214 conseiller.

678 3235 700 3276 7.
719 3229 751 3276 Et
768 3245 802 3277 sc.
818 3231 1027 3279 considerandum
1043 3237 1087 3280 est.

679 3300 701 3341 8.
721 3294 873 3343 Nec=neu.
889 3295 917 3343 V.
931 3296 1016 3344 Gauir.
1032 3303 1086 3345 146.

645 3367 672 3416 2,
687 3374 747 3406 rem.

679 3431 701 3472 9.
725 3425 821 3472 Fuerit.
840 3424 868 3472 V.
890 3439 954 3489 pour
971 3439 999 3473 ce
1019 3423 1086 3490 subj.

645 3488 766 3555 potentiel
775 3527 781 3550 ,
790 3504 825 3554 gr.
834 3488 866 3540 de
873 3489 930 3539 Tac.
940 3497 976 3542 77.
