2346 3922
425 183 515 228 mana
535 183 557 230 1.
582 181 648 228 cnr.
672 168 763 231 2-4.
1044 172 1064 229 7

125 317 253 383 matres,
267 317 379 375 secutae
393 303 520 374 maritos
536 315 568 375 in
580 315 691 374 exsilia
705 316 851 394 conjuges
860 318 884 386 ¹;
898 315 1063 394 propinqui

123 413 286 482 audentes,
308 416 484 472 constantes
502 415 638 489 generi'‚
659 419 825 476 contumax
840 417 934 475 etiam
955 418 1062 476 adver·

123 526 175 568 sus
193 506 353 570 tormenta
373 529 531 572 servorum
554 513 629 572 fides
650 531 792 590 suprema
813 515 966 574 clarorum
980 515 1061 573 viro·

121 629 191 670 rum
215 615 428 684 necessitate³‚
446 615 513 690 ipsa
538 616 705 676 necessitas
729 612 853 673 fortiter
877 613 1010 672 tolerata
1030 617 1063 673 et

120 709 257 768 laudatis
281 711 478 786 antiquorum
503 712 653 771 mortibus
681 727 770 788 pares
798 710 910 772 exitus.
942 711 1062 769 Praeter

119 807 308 883 multiplices
332 826 436 867 rerum
460 809 663 868 humanarum
688 825 777 868 casus
801 807 874 866 caelo
898 809 1061 884 terraque⁴

117 907 263 983 prodigia
277 910 308 966 et
322 905 484 965 fulminum
512 908 648 966 monitus
667 910 698 966 et
717 906 889 966 futurorum
909 905 1060 981 praesagia

117 1003 206 1074 laeta,
223 1004 344 1074 tristia,
361 1004 520 1082 ambigua,
537 1005 735 1076 manifesta⁸3
752 1006 902 1064 necenim
916 1022 1060 1081 nmquam

116 1102 325 1160 atrocioribus
349 1100 454 1177 populi
483 1103 617 1161 Romani
642 1103 780 1161 cladibus
805 1102 943 1180 magisve
963 1100 1060 1176 justis

116 1199 262 1258 indiciis⁶
280 1199 483 1275 approbatum
501 1204 549 1260 est
567 1218 627 1259 non
647 1217 712 1260 esse
731 1218 813 1260 cnrae
831 1201 897 1260 deis
912 1201 1057 1261 securita-

116 1301 182 1356 tem
203 1301 357 1367 nostram‚
381 1315 447 1357 esse
460 1299 620 1362 ultionem.

159 1398 190 1454 4.
215 1396 375 1456 Ceterum¹
400 1397 564 1471 antequam
585 1398 740 1458 destinate
758 1412 952 1472 componam,
973 1413 1057 1473 repe-

114 1494 243 1552 tendum
258 1493 380 1552 videtur
395 1492 494 1568 qualis
513 1497 613 1554 status
627 1497 728 1567 urbis,
753 1513 820 1571 quae
835 1512 920 1554 mens
941 1494 1056 1554 exerei-

114 1602 218 1668 tuum,
236 1597 306 1673 qnis
325 1598 448 1657 habitus
469 1599 714 1673 provinciarum,
739 1601 811 1676 quid
828 1601 859 1658 in
874 1602 941 1658 toto
959 1600 1056 1658 terra·

114 1715 184 1756 rum
199 1697 273 1755 orbe
288 1695 437 1765 validum,
456 1696 528 1772 quid
554 1715 669 1774 aegrum
694 1698 803 1768 fuerit,
828 1701 944 1757 utnon
967 1699 1055 1758 modo

114 1797 221 1854 casus²
233 1796 421 1868 eventusque
432 1811 550 1864 rerum,
560 1797 611 1870 qui
624 1796 820 1872 plerumque³
831 1795 953 1855 fortuiti
969 1797 1052 1865 sunt,

114 1893 167 1952 sed
182 1892 280 1951 ratio⁴
299 1892 393 1949 etiam
414 1909 572 1968 causaeque
594 1897 771 1956 noscantur.
804 1895 895 1954 Finis
920 1894 1055 1953 Neronis

115 1994 152 2049 ut
165 1990 254 2048 lactus
267 1990 367 2065 primo
381 1989 598 2064 gaudentium⁵
620 1991 735 2068 impetu
750 1991 866 2062 fuerat,
890 1993 935 2051 ita
950 1992 1054 2050 varios

116 2092 216 2147 motus
237 2088 409 2146 animorum
428 2105 488 2145 non
503 2089 591 2147 modo
617 2090 649 2148 in
671 2091 746 2149 urbe
768 2091 848 2166 apud
874 2093 978 2165 patres
999 2093 1055 2147 aut

114 2187 260 2263 populum
284 2188 340 2244 aut
357 2185 506 2244 urbanum
522 2186 680 2256 militem⁰‚
703 2188 755 2246 sed
774 2205 878 2246 omnes
899 2186 1055 2262 legiones⁷

609 2331 641 2380 de
653 2330 745 2388 Tacite,
758 2336 770 2389 5
783 2337 832 2380 lot.

151 2338 181 2378 ⁸.
201 2338 221 2380 l.
242 2329 305 2379 G'est
316 2329 378 2379 ainsi
391 2347 439 2395 que
451 2331 557 2389 Fannia,

642 2404 663 2447 2.
683 2397 761 2448 Coeus
776 2402 935 2459 eventusque,
955 2393 1052 2459 pc'ripe-

115 2394 168 2444 fine
179 2395 210 2444 dc
222 2395 343 2453 Thrasea,
363 2396 435 2444 suivit
455 2412 487 2445 cn
509 2396 559 2446 exii

115 2477 159 2508 son
169 2459 229 2508 mari
242 2459 369 2510 Helvidius
378 2461 488 2520 Priscus,
502 2478 559 2511 sons

114 2525 196 2574 Neron
208 2535 233 2574 et
247 2542 305 2574 sous
317 2526 459 2591 Vespasien.

148 2613 171 2654 2.
189 2606 290 2655 Comme
305 2605 329 2653 le
339 2606 432 2671 gendre
443 2605 475 2655 de
486 2607 560 2655 Thra-

113 2674 169 2726 sea,
203 2670 330 2720 Helvidius
360 2671 469 2728 Priscus,
494 2671 559 2720 exile'

114 2753 172 2784 sous
192 2737 285 2793 Neron,
308 2736 408 2801 lorsque
428 2752 473 2785 son
486 2736 559 2785 beau-

114 2804 174 2866 pere
185 2800 223 2849 fut
234 2800 372 2851 condemno
388 2805 402 2850 t
415 2801 516 2852 monrir.

147 2891 169 2931 3.
189 2880 244 2930 Abi.
258 2881 290 2930 de
306 2890 383 2946 temps
399 2886 441 2945 (=
453 2882 514 2930 dans
534 2884 558 2932 la

114 2946 227 2996 dernibre
237 2948 370 3011 apreuve),
382 2963 476 2996 comme
485 2949 558 2998 rebus

113 3015 240 3069 adversis,
261 3013 299 3067 11,
321 3019 357 3061 59.
376 3011 414 3062 Gi.
433 3017 558 3076 supremis

113 3081 166 3140 ejus
180 3078 377 3134 necessitatibus,
392 3078 456 3127 Ann.
468 3095 505 3136 ιιι,
519 3086 555 3128 37.

145 3165 168 3206 4.
187 3158 215 3207 V.
229 3174 266 3223 gr.
279 3158 311 3206 de
323 3157 421 3216 Tacite,
435 3163 447 3216 5
460 3165 497 3208 38.

145 3231 167 3271 5.
187 3223 256 3272 Luta
268 3251 302 3260 —
312 3224 457 3288 manifesta.
472 3226 500 3273 V.
517 3241 555 3290 gr.

111 3288 144 3337 de
156 3288 224 3347 Tac,
235 3294 247 3346 5
260 3295 309 3337 178.

143 3360 166 3400 6.
186 3353 282 3402 indices
293 3354 349 3417 pius
358 3353 440 3412 clairs,
451 3371 557 3420 preuves

111 3419 168 3483 plus
179 3419 322 3482 completos.

146 3507 177 3549 4.
196 3509 217 3550 l.
230 3500 360 3561 Ceterum,
379 3500 449 3552 mais.
471 3501 500 3553 V.
520 3517 556 3569 gr.

599 2851 825 2905 .d'enthousiasmc.
866 2851 901 2898 Le
925 2858 1053 2963 quartrcrpe

609 2461 655 2511 ties
667 2472 691 2512 et
702 2461 778 2510 issue.

641 2535 663 2576 3.
686 2529 850 2589 Plerumque,
882 2532 993 2574 souvent.
1023 2524 1051 2572 V.

608 2607 645 2656 gr.
663 2593 695 2641 de
706 2593 746 2650 Τ.,
761 2599 811 2640 105.

639 2665 663 2706 4.
682 2658 769 2715 Ratio,
787 2655 985 2704 cncbainemcnt.

642 2730 664 2772 5.
678 2724 765 2772 Pm'mo
772 2722 936 2784 pendentium
947 2722 1050 2782 impetu,

608 2787 670 2836 dans
704 2788 739 2836 les
768 2784 887 2851 premiers
915 2794 1052 2859 transports

608 2920 709 2982 present
726 2915 832 2982 pontici
849 2923 924 2963 cetra
944 2914 996 2964 uirc
1008 2930 1053 2979 par

609 2999 641 3030 nn
655 2981 733 3032 subst.
747 2980 859 3031 abstrait.
875 2978 914 3028 cf.
931 2980 1052 3029 illecebris

606 3050 776 3110 peccantium,
801 3046 837 3095 lcs
857 3044 1000 3095 seductione
1017 3046 1051 3094 du

607 3112 673 3169 vice,
686 3113 744 3177 Agr.
757 3119 785 3170 4,
799 3119 857 3160 note
868 3117 891 3159 8.

641 3184 663 3225 6.
683 3178 753 3226 Cotto
771 3175 914 3241 expression
937 3190 969 3223 ne
987 3173 1050 3224 desi·
1087 3206 1092 3211 -

607 3257 655 3308 gne
665 3257 709 3306 pas
718 3241 750 3292 ici
757 3258 806 3290 unc
818 3240 900 3289 milice
911 3239 1052 3304 particulia-

607 3324 647 3365 re,
659 3307 719 3356 mais
735 3323 766 3356 en
782 3307 881 3371 general
897 3307 933 3354 les
950 3313 1051 3368 troupes

607 3372 651 3438 qui
669 3389 695 3422 sc
712 3372 849 3422 trouuaient
869 3370 931 3419 dans
942 3370 966 3418 la
982 3369 1048 3419 ville.

639 3445 662 3484 7.
680 3438 795 3503 Leqionea
806 3435 905 3504 depend
917 3450 1006 3485 encore
1018 3434 1049 3484 dc

607 3505 686 3568 epod.
