2346 3922
162 224 220 286 182
388 240 531 284 connum
551 240 652 284 rlo1r1
672 223 884 284 msronmauu

199 374 228 432 6.
246 371 380 432 Antonio
395 373 592 432 vexillarios¹
609 391 625 431 e
641 373 819 432 cohortibus
834 375 865 432 et
879 375 1000 448 partem
1016 372 1102 448 equi-

156 476 222 532 tum
237 473 275 530 ad
290 471 494 531 invadendam
509 472 633 533 Italiam
647 473 782 548 rapienti
797 489 897 530 comes
911 470 972 530 fuit
987 470 1101 530 Arrius

90 617 93 622 .
157 571 269 640 Varus,
288 572 431 628 strenuus
446 570 540 641 bello,
558 588 649 647 quam
666 570 797 645 gloriam
817 569 847 627 ei
866 569 928 626 dux
946 566 1101 626 Corbulo²

157 671 189 728 et
202 685 367 744 prosperae
382 669 414 726 in
432 670 578 728 Armenia
595 686 644 727 res
659 668 851 729 addiderant.
870 667 954 725 Idem
969 656 1116 725 secretis

156 768 236 842 apud
258 767 411 827 Neronem
437 767 629 825 sermonibus
650 765 806 824 ferebatur
827 763 1012 823 Corbulonis
1034 764 1097 821 vir-

156 867 258 923 tutes³
273 866 467 935 criminatus;
485 864 582 923 unde⁴
598 864 706 922 infami
718 864 820 940 gratia
831 863 965 938 primum
979 862 1097 937 pilum⁵

156 964 284 1039 adepto⁶
298 963 388 1022 laeta⁷
403 964 441 1021 ad
456 981 590 1038 praesens
605 963 684 1022 male
695 965 785 1039 parta
796 979 867 1019 mox
878 962 911 1019 in
925 961 1096 1036 perniciem

156 1066 287 1120 vertere.
320 1062 379 1119 Sed
400 1061 524 1119 Primus
547 1079 583 1120 ac
602 1063 703 1123 Varus
728 1062 876 1135 occupata
896 1060 1042 1134 Aquileia
1063 1060 1095 1117 in

155 1160 296 1234 proxima
311 1176 452 1234 quaeque,
467 1163 498 1218 et
510 1161 683 1236 Opitergii8
698 1162 729 1218 et
743 1159 871 1228 Altior,
888 1158 971 1216 laetis
982 1158 1096 1216 animis

155 1256 359 1331 accipiuntur.
404 1256 560 1315 Relictum
600 1257 700 1316 Altini
735 1255 912 1331 praesidium
945 1257 1095 1314 adversus

156 1352 263 1411 classis
287 1354 481 1412 Ravennatis
506 1356 649 1425 conatus,
678 1355 811 1412 nondum
836 1352 1007 1412 defectione
1028 1355 1094 1430 ejus

157 1450 273 1511 audita.
317 1450 391 1508 Inde
429 1451 595 1508 Patavium
629 1454 661 1508 et
697 1453 835 1512 Ateste¹⁰
866 1456 1010 1530 partibus
1042 1457 1093 1514 ad-

151 1551 292 1628 junxere.
311 1553 378 1611 Illic
394 1550 550 1626 cognitum
564 1549 623 1607 tris
637 1550 822 1611 Vitellianas
838 1555 979 1616 cohortes
998 1556 1091 1613 alam-

155 1670 227 1727 que‚
250 1653 299 1710 cui
319 1652 494 1710 Sebosianae
513 1667 636 1719 nomen,
659 1650 697 1707 ad
716 1652 829 1709 Forum
843 1651 979 1710 Alieni¹¹
998 1656 1092 1729 ponte

53 1750 55 1754 ’
148 1751 257 1826 juncto
277 1751 459 1811 consedisse.
483 1748 607 1808 Placuit
629 1750 749 1808 occasio
771 1751 936 1810 invadendi
959 1753 1091 1812 incurio-

153 1867 217 1921 sos;
235 1868 306 1908 nam
321 1849 352 1907 id
361 1851 383 1888 ¹2
395 1866 513 1925 quoque
525 1848 737 1909 nuntiabatur.
752 1851 834 1908 Luce
844 1851 945 1925 prima
957 1852 1091 1912 inermos

151 1949 311 2025 plerosque
327 1964 513 2023 oppressere.
532 1948 719 2007 Praedictum
739 1951 774 2007 ut
791 1951 898 2024 paucis
917 1951 1090 2011 interfectis

152 2049 269 2104 ceteros
283 2063 397 2121 pavore
412 2045 450 2103 ad
469 2045 647 2104 mutandam
665 2045 755 2103 fidem
775 2052 930 2125 cogerent.
949 2053 990 2110 Et
1004 2051 1090 2110 fuere

151 2143 250 2217 quise
268 2143 373 2201 statim
392 2143 550 2214 dederent;
572 2143 676 2219 plures
694 2145 825 2221 abrupto
841 2151 934 2222 ponte
955 2149 1088 2208 instanti

59 2308 66 2315 ,
151 2241 233 2300 hosti
248 2241 331 2299 viam
346 2241 551 2301 abstulerunt.

183 2366 215 2406 θ.
235 2366 255 2406 1.
278 2358 436 2417 1661116νὶ63,
459 2358 503 2407 des
526 2358 593 2408 dcta·
642 2359 740 2424 legion,
765 2376 811 2420 ou,
832 2378 927 2412 comme
945 2363 990 2421 ici,
1013 2365 1088 2416 d'unc

149 2422 332 2473 chementsdcs
349 2423 463 2473 cohortes
480 2424 592 2474 auxiliai-
642 2426 744 2476 cohorte
771 2427 938 2491 pretoricnne.
965 2430 993 2479 V.
1024 2447 1089 2496 pour

150 2506 199 2538 res.
213 2488 252 2538 cf.
266 2489 290 2546 1,
302 2497 342 2546 31,
358 2498 416 2538 note
428 2497 450 2538 9.
641 2491 698 2555 plus
714 2492 914 2558 d'cxplications,
928 2494 953 2552 1,
967 2503 1005 2554 31,
1029 2507 1088 2547 note

183 2563 205 2604 2.
225 2554 330 2603 Corbulo
342 2564 466 2619 rcmporta
477 2554 508 2603 dc
521 2570 592 2620 gran·
640 2564 653 2605 3

150 2619 194 2669 des
217 2618 330 2668 victoires
352 2635 383 2669 en
406 2620 522 2669 Armcme
549 2636 592 2669 sur
656 2593 694 2670 ’6.
713 2621 808 2686 Adepto
824 2634 861 2673 est
878 2625 901 2673 16
919 2627 1087 2690 complement

150 2685 258 2734 Tiridate
279 2694 303 2732 et
322 2701 366 2733 son
379 2683 443 2734 frere
455 2685 588 2750 Vologese,

149 2751 185 2800 roi
204 2751 248 2799 des
266 2750 366 2799 Parthas
386 2752 423 2813 (58
443 2759 468 2798 et
487 2757 515 2799 63
535 2765 588 2815 apr.

148 2817 230 2880 J.·C.).
248 2815 358 2879 Rappcle'
373 2830 418 2879 par
431 2816 527 2872 Neron,
564 2815 589 2865 ui

147 2882 207 2930 etait
216 2880 303 2944 jaloux
314 2879 346 2929 de
358 2896 396 2928 scs
408 2884 507 2938 succes,
521 2879 538 2929 11
546 2832 589 2930 dut

148 2946 215 2995 force'
223 2950 236 2994 a
244 2961 270 2994 se
278 2945 375 2994 donner
382 2946 406 2993 la
413 2956 484 2994 mort.
496 2947 515 2995 ll
526 2946 589 2995 avait

148 3011 208 3061 ecrit
221 3012 265 3060 des
277 3010 406 3060 mc'moires
424 3026 466 3058 sur
477 3010 588 3061 l'Oricnt.

181 3085 203 3126 3.
234 3078 349 3127 Virtutes.
381 3075 402 3125 ll
424 3075 484 3124 c'tait
507 3093 590 3126 connu

147 3141 588 3208 poursadouccurctsonhonnelcte.

179 3216 202 3256 4.
215 3208 484 3269 Unde—adepto,mot
496 3210 510 3255 d
523 3217 587 3256 mot:

147 3289 191 3337 par
212 3273 248 3330 la,
276 3287 321 3336 par
348 3287 376 3320 ce
399 3288 486 3337 moyen
517 3282 590 3338 ayant

146 3338 253 3394 obtenu,
264 3341 335 3402 grace
346 3339 360 3384 d
373 3352 422 3385 unc
435 3337 519 3386 lavcur
531 3338 590 3386 hou-

145 3412 223 3461 teuse,
237 3403 260 3451 le
270 3418 330 3466 rung
338 3401 369 3450 dc
381 3401 513 3466 primipilo.

179 3476 201 3516 5.
221 3468 444 3530 Primumdum,
458 3468 588 3518 centurion

147 3533 178 3588 dc
200 3533 224 3584 la
242 3532 364 3604 premiere
381 3531 492 3583 centurie
514 3532 589 3584 d'uue

639 2685 671 2800 ple
682 2697 791 2762 vertere,
809 2689 869 2739 dont
878 2692 943 2739 muto
955 2700 1036 2754 portu
1048 2704 1086 2743 est

649 2763 747 2816 esujet.

672 2825 693 2867 7.
705 2820 772 2869 Lato
780 2821 814 2868 od
825 2835 935 2882 praesens
946 2823 1011 2870 mule
1020 2839 1085 2885 par-

638 2890 677 2940 ta,
691 2895 730 2932 ccl
752 2894 911 2934 avanccment
929 2888 978 2935 mal
996 2889 1085 2953 ecquis

639 2948 682 3014 qui
695 2948 722 2996 fit
731 2964 757 2998 sa
768 2948 820 3012 joie
831 2949 893 2998 dans
906 2952 929 2999 lc
941 2963 1059 3002 moment.

689 3021 710 3062 8.
731 3015 896 3078 Opiterpicm,
913 3015 963 3079 auj.
975 3017 1081 3068 Oderzo.

689 3086 710 3127 9.
729 3078 855 3138 Altinum,
872 3078 923 3142 auj.
937 3082 1031 3133 Altino.

674 3151 709 3193 10.
727 3144 818 3204 Ateste,
833 3145 883 3208 auj.
898 3147 964 3196 Este.

674 3217 709 3258 11.
728 3210 823 3260 Forum
842 3211 938 3271 Alieni,
962 3213 1081 3276 Fcrrare,

639 3275 708 3322 selon
720 3275 756 3324 les
769 3292 830 3332 uns;
852 3276 921 3325 solon
942 3277 978 3326 les
998 3289 1082 3329 autres

638 3338 736 3388 Alenilc
748 3357 780 3388 ou
793 3343 908 3406 Legnago
919 3358 962 3390 sur
973 3344 1079 3410 l'Adigc.

672 3413 707 3453 12.
726 3407 768 3463 ld,
779 3406 871 3455 ceci:
880 3406 953 3472 qu’ils
963 3407 1082 3460 n'etaient

638 3485 738 3602 pas)sur
748 3471 814 3522 leurs
826 3472 915 3538 gardas
931 3474 1082 3538 (incuriosos

636 3551 705 3586 cecc.
