2346 3922
406 257 497 299 ursan
518 257 539 299 1.
565 257 630 300 car.
655 239 787 300 85-87.
1017 242 1057 302 85

118 393 182 451 iter
195 392 269 452 belli
292 396 373 452 esset
388 394 624 462 obstruetum11,
646 410 665 450 a
685 393 822 453 fortuitis
839 395 888 454 vel
910 395 1058 453 naturali-

117 492 176 549 bus
191 493 293 550 causis
305 494 337 550 in
352 493 527 568 prodigium
542 495 572 551 et
584 510 672 551 omen
688 493 912 553 imminentium
924 494 1056 553 cladium

117 591 311 649 vertebatur.

156 689 207 749 87.
234 690 330 758 Otho,
353 689 485 747 lustrata
499 689 574 747 urbe
593 692 624 747 et
639 690 781 764 expensis
802 689 875 748 belli
897 692 1051 761 consiliis,

117 787 258 860 quand0¹
285 787 424 845 Poeninae
450 787 636 862 Cottiaeque*
661 787 754 863 Alpes
774 791 804 846 et
826 790 920 847 ceteri
942 789 1055 848 Gallia-

117 900 185 941 rum
201 885 304 943 aditus
320 884 496 943 Vitellianis
514 886 700 944 exercitibus
722 886 957 957 claudebantur,
975 889 1053 946 Nar-

116 981 301 1044 bonensem3
327 981 461 1041 Galliam
482 983 608 1058 aggredi
630 984 756 1052 statuit,
777 983 873 1041 classe
895 984 998 1042 valida
1023 988 1055 1042 et

115 1082 259 1157 partibus
273 1083 343 1152 fida,
362 1084 441 1158 quod
452 1083 587 1158 reliquos
601 1085 767 1141 caesorum*
783 1083 820 1141 ad
835 1086 959 1159 pontem
976 1085 1053 1143 Mul-

116 1180 203 1238 vium
219 1184 250 1239 et
266 1182 387 1239 saevitia
403 1180 509 1240 Galbae
529 1181 560 1238 in
576 1165 733 1239 custodia⁵
751 1182 873 1240 habitos
888 1182 937 1239 iu6
953 1200 1054 1240 nume·

115 1296 167 1336 ros
181 1279 314 1354 legionis
329 1281 556 1354 composuerat,
577 1278 659 1338 faeta
675 1283 705 1337 et
725 1281 836 1338 ceteris
852 1298 904 1355 spe
925 1281 1053 1339 honora·

115 1375 228 1433 tioris⁷
247 1376 280 1433 in
305 1378 461 1450 posterum
485 1376 615 1437 militiae.
644 1376 772 1435 Addidit
791 1376 882 1434 classi
903 1377 1055 1435 urbanas8

116 1474 259 1531 cohortes
283 1476 314 1532 et
333 1473 493 1549 plerosque
518 1493 535 1532 e
556 1475 770 1550 praetorianis,
792 1475 875 1532 vires
897 1477 927 1531 ct
945 1475 1056 1532 robur⁹

116 1572 273 1630 exereitus
293 1574 385 1647 atque
402 1573 477 1647 ipsis
497 1573 627 1630 ducibus
642 1572 804 1630 consilinm
824 1575 855 1630 et
873 1572 1012 1630 custodes
1021 1574 1054 1632 ¹⁰.

115 1672 243 1729 Summa
254 1671 459 1745 expeditionis
474 1671 612 1729 Antonio
624 1669 770 1738 Novello,
786 1669 896 1728 Suedio
908 1668 1056 1727 Clementi

115 1766 377 1842 primipilaribus,
408 1765 538 1843 AEmilio
575 1767 725 1833 Pacensi,
758 1766 807 1823 cui
836 1765 1007 1839 ademptum
1038 1782 1056 1822 a

115 1863 217 1923 Galba
231 1864 455 1921 tribunatumll
476 1863 666 1931 reddiderat,
687 1862 847 1936 permissa.
875 1863 986 1920 Curam
1004 1880 1055 1919 na·

115 1964 203 2021 vium
219 1962 570 2021 Moschus1211bertus¹³
587 1960 758 2028 retinebat,
779 1959 816 2017 ad
835 1959 1054 2017 observandam

64 2104 66 2109 ,
115 2060 329 2117 honestiorum
340 2059 430 2117 fidem
440 2060 582 2117 minister
592 2057 846 2115 datus.Peditum
858 2057 1054 2132 equitumque

114 2157 215 2231 copiis
240 2157 406 2215 Suetonius
435 2157 600 2226 Paulinus,
633 2158 751 2215 Marius
780 2156 901 2224 Celsus,
932 2157 1052 2214 Annius

114 2253 225 2313 Gallus
246 2257 380 2313 rectores
401 2255 562 2323 destinati;
594 2255 646 2313 sed
671 2255 804 2329 plurima
827 2254 902 2311 fides
931 2253 1052 2312 Licinio

114 2351 264 2420 Proculo,
286 2354 424 2427 praetorii
449 2352 604 2428 praefecto.
629 2353 659 2411 Is
680 2354 805 2410 urbanae
826 2352 946 2410 militiae
969 2352 1054 2425 impi-

151 2509 187 2549 11.
203 2498 362 2550 obstructum
372 2499 495 2551 s'accorde
504 2517 562 2552 avec
645 2509 667 2551 8.
688 2503 811 2553 Urbanas.
833 2500 853 2550 Il
865 2518 880 2566 y
892 2500 954 2550 avait
967 2502 1030 2550 alors
1041 2503 1055 2549 a

113 2567 140 2615 le
154 2574 206 2614 mot
216 2569 308 2630 apposd
320 2569 335 2614 a
345 2569 397 2615 via.
611 2568 687 2617 Rome
699 2576 786 2632 quatre
797 2565 910 2616 cohortes
923 2565 1053 2626 urhunes,

152 2638 207 2678 81.
227 2639 247 2680 l.
261 2632 367 2692 Quaado
375 2655 408 2674 =
418 2635 544 2695 quoniam.
611 2650 668 2682 sous
679 2634 702 2682 le
711 2631 964 2682 commandomerrldu
974 2631 1054 2696 presel

152 2704 175 2744 2.
195 2696 304 2744 Poeainae
323 2697 464 2760 Cottiaeque,
484 2714 506 2748 v.
520 2698 560 2746 ch.

114 2770 160 2818 ol,
175 2769 341 2810 notesletz.

152 2834 173 2874 3.
192 2826 390 2885 Narbonensem,
412 2843 434 2874 v.
457 2827 496 2876 ch.
518 2834 560 2886 48,

115 2900 176 2940 note
190 2899 225 2946 11,
239 2901 264 2940 et
276 2898 315 2950 76,
330 2901 387 2940 noto
399 2899 421 2940 5.

151 2964 174 3004 4.
193 2957 306 3019 Reliquos
320 2973 451 3012 rasorum,
466 2956 502 3004 les
515 2971 563 3004 ma·

115 3020 170 3069 rins
183 3020 226 3085 qui
238 3021 355 3070 restaient
366 3022 400 3070 du
413 3037 542 3070 messuere.

151 3094 173 3135 5.
193 3087 324 3136 Custodia.
338 3103 360 3135 v.
374 3087 415 3135 ch.
429 3093 526 3134 ne137.

150 3158 173 3198 6.
197 3152 226 3200 ln
243 3167 345 3216 marque
365 3152 388 3199 le
405 3152 507 3200 resultat
527 3151 559 3208 (v.

133 3233 154 3263 r.
165 3216 197 3264 de
205 3217 263 3265 Tae.
273 3223 325 3271 48lz
339 3217 371 3265 de
384 3215 491 3265 manidre
503 3219 517 3264 a
529 3233 560 3265 en

114 3234 208 3330 {ormer
222 3281 266 3330 des
282 3280 400 3331 divisione
424 3284 559 3346 (rtaraeros)

114 3347 191 3395 d'une
207 3346 297 3411 le'ginn.

150 3419 171 3460 7.
197 3412 381 3461 Honoratioris.
406 3413 440 3460 Le
468 3410 560 3461 service

115 3476 149 3524 de
168 3478 192 3525 la
208 3476 291 3551 legion
309 3475 368 3526 erait
390 3477 447 3540 plus
467 3477 560 3527 honore'

115 3558 166 3608 que
178 3542 243 3592 celui
255 3542 320 3592 dela
331 3541 408 3592 dotto.

611 2697 642 2746 de
658 2699 680 2746 la
693 2698 758 2747 villo.

643 2793 666 2834 9.
689 2787 757 2836 Vires
772 2792 795 2834 et
810 2785 897 2844 robur,
915 2786 939 2834 la
951 2785 1017 2853 lepre
1029 2795 1054 2833 et

611 2852 634 2900 le
647 2850 710 2900 nerf.
730 2853 794 2900 Dans
807 2860 870 2899 cette
884 2849 1052 2899 combinaison

611 2917 642 2965 de
654 2926 730 2973 mots,
743 2920 809 2965 utres
822 2931 923 2978 marque
941 2916 964 2964 la
977 2932 1053 2980 qnan-

611 2980 668 3039 tile,
682 2983 761 3030 robur
773 2982 796 3029 la
809 2980 910 3045 qualite.

646 3054 681 3096 10.
701 3048 830 3104 Custodes,
845 3043 1009 3095 survcillants.

646 3143 681 3184 11.
703 3136 878 3184 Tribunatum.
901 3134 937 3183 On
960 3134 1008 3182 voit
1023 3151 1054 3182 au

610 3202 649 3252 ch.
660 3208 688 3249 20
698 3199 757 3265 qu'il
767 3199 830 3248 avait
839 3201 878 3248 dte'
885 3198 970 3247 tribua
980 3199 1054 3249 d'uno

610 3267 711 3317 cohorte
723 3264 835 3313 urhaine.

644 3353 679 3394 12.
699 3346 819 3394 Moschus.
829 3346 910 3393 Ne'ron
923 3342 986 3392 avait
998 3342 1054 3406 dejn

609 3410 689 3460 conlie
707 3414 772 3458 acet
784 3409 902 3459 all'ranchi
922 3408 1054 3458 l'adminis·

610 3475 700 3525 tration
712 3475 744 3524 de
756 3475 781 3524 la
792 3474 871 3525 [lette.

645 3551 683 3597 13.
696 3543 825 3604 Libertus,
836 3538 1077 3596 subsanasse.

733 3758 738 3803 i

717 3808 735 3893 <
