<?xml version="1.0" encoding="UTF-8"?>
<!DOCTYPE html PUBLIC "-//W3C//DTD XHTML 1.0 Transitional//EN"
    "http://www.w3.org/TR/xhtml1/DTD/xhtml1-transitional.dtd">
<html xmlns="http://www.w3.org/1999/xhtml" xml:lang="en" lang="en">
 <head>
  <title>
</title>
<meta http-equiv="Content-Type" content="text/html;charset=utf-8" />
  <meta name='ocr-system' content='tesseract 3.04.00' />
  <meta name='ocr-capabilities' content='ocr_page ocr_carea ocr_par ocr_line ocrx_word'/>
</head>
<body>
  <div class='ocr_page' id='page_1' title='image "./corneliitacitih00gantgoog_0069.png"; bbox 0 0 2346 3922; ppageno 0'>
   <div class='ocr_carea' id='block_1_1' title="bbox 166 201 882 261">
    <p class='ocr_par' dir='ltr' id='par_1_1' title="bbox 166 201 882 261">
     <span class='ocr_line' id='line_1_1' title="bbox 166 201 882 261; baseline 0 -1"><span class='ocrx_word' id='word_1_1' title='bbox 166 201 206 260; x_wconf 85' lang='grc'>56</span> <span class='ocrx_word' id='word_1_2' title='bbox 384 217 527 259; x_wconf 78' lang='lat' dir='ltr'>connum</span> <span class='ocrx_word' id='word_1_3' title='bbox 548 218 648 260; x_wconf 76' lang='lat' dir='ltr'>anaim</span> <span class='ocrx_word' id='word_1_4' title='bbox 669 217 882 261; x_wconf 81' lang='lat' dir='ltr'>nrsroamauu</span> 
     </span>
    </p>
   </div>
   <div class='ocr_carea' id='block_1_2' title="bbox 107 339 1102 1988">
    <p class='ocr_par' dir='ltr' id='par_1_2' title="bbox 107 339 1102 1891">
     <span class='ocr_line' id='line_1_2' title="bbox 107 339 1099 424; baseline 0.003 -19"><span class='ocrx_word' id='word_1_5' title='bbox 107 339 109 344; x_wconf 69' lang='grc'>’</span> <span class='ocrx_word' id='word_1_6' title='bbox 165 350 269 416; x_wconf 87' lang='lat' dir='ltr'>venta,</span> <span class='ocrx_word' id='word_1_7' title='bbox 278 364 404 423; x_wconf 89' lang='lat' dir='ltr'>corpore</span> <span class='ocrx_word' id='word_1_8' title='bbox 415 349 534 424; x_wconf 82' lang='lat' dir='ltr'>ingens,</span> <span class='ocrx_word' id='word_1_9' title='bbox 544 350 639 408; x_wconf 91' lang='lat' dir='ltr'>animi</span> <span class='ocrx_word' id='word_1_10' title='bbox 651 350 840 419; x_wconf 89' lang='lat' dir='ltr'>immodicus,</span> <span class='ocrx_word' id='word_1_11' title='bbox 850 349 926 408; x_wconf 91' lang='lat' dir='ltr'>scito</span> <span class='ocrx_word' id='word_1_12' title='bbox 937 351 1099 419; x_wconf 68' lang='lat' dir='ltr'>sermonel,</span> 
     </span>
     <span class='ocr_line' id='line_1_3' title="bbox 165 447 1102 523; baseline 0 -17"><span class='ocrx_word' id='word_1_13' title='bbox 165 451 266 507; x_wconf 89' lang='lat' dir='ltr'>erecto</span> <span class='ocrx_word' id='word_1_14' title='bbox 278 449 412 518; x_wconf 79' lang='lat' dir='ltr'>incessu,</span> <span class='ocrx_word' id='word_1_15' title='bbox 427 450 528 509; x_wconf 90' lang='lat' dir='ltr'>studia</span> <span class='ocrx_word' id='word_1_16' title='bbox 539 451 672 509; x_wconf 92' lang='lat' dir='ltr'>militum</span> <span class='ocrx_word' id='word_1_17' title='bbox 687 449 840 508; x_wconf 84' lang='lat' dir='ltr'>illexerat.</span> <span class='ocrx_word' id='word_1_18' title='bbox 854 449 944 506; x_wconf 92' lang='lat' dir='ltr'>Hunc</span> <span class='ocrx_word' id='word_1_19' title='bbox 954 447 1102 523; x_wconf 85' lang='lat' dir='ltr'>juvenem</span> 
     </span>
     <span class='ocr_line' id='line_1_4' title="bbox 166 545 1102 622; baseline -0.001 -18"><span class='ocrx_word' id='word_1_20' title='bbox 166 545 277 614; x_wconf 83' lang='lat' dir='ltr'>Galba,</span> <span class='ocrx_word' id='word_1_21' title='bbox 299 549 480 622; x_wconf 72' lang='lat' dir='ltr'>quaestorem</span> <span class='ocrx_word' id='word_1_22' title='bbox 499 548 531 605; x_wconf 93' lang='lat' dir='ltr'>in</span> <span class='ocrx_word' id='word_1_23' title='bbox 551 549 697 616; x_wconf 51' lang='lat' dir='ltr'>Baetica&amp;</span> <span class='ocrx_word' id='word_1_24' title='bbox 715 545 847 620; x_wconf 86' lang='lat' dir='ltr'>impigre</span> <span class='ocrx_word' id='word_1_25' title='bbox 862 545 893 601; x_wconf 93' lang='lat' dir='ltr'>in</span> <span class='ocrx_word' id='word_1_26' title='bbox 908 547 1013 619; x_wconf 87' lang='lat' dir='ltr'>partes</span> <span class='ocrx_word' id='word_1_27' title='bbox 1028 561 1102 604; x_wconf 91' lang='lat' dir='ltr'>suas</span> 
     </span>
     <span class='ocr_line' id='line_1_5' title="bbox 163 642 1101 719; baseline -0.001 -20"><span class='ocrx_word' id='word_1_28' title='bbox 163 645 387 717; x_wconf 82' lang='lat' dir='ltr'>transgressum</span> <span class='ocrx_word' id='word_1_29' title='bbox 402 643 517 718; x_wconf 84' lang='lat' dir='ltr'>legioni</span> <span class='ocrx_word' id='word_1_30' title='bbox 533 644 719 719; x_wconf 87' lang='lat' dir='ltr'>praeposuit:</span> <span class='ocrx_word' id='word_1_31' title='bbox 737 659 809 700; x_wconf 85' lang='lat' dir='ltr'>mox</span> <span class='ocrx_word' id='word_1_32' title='bbox 824 642 1030 715; x_wconf 83' lang='lat' dir='ltr'>compertum³</span> <span class='ocrx_word' id='word_1_33' title='bbox 1045 659 1101 716; x_wconf 93' lang='lat' dir='ltr'>pu-</span> 
     </span>
     <span class='ocr_line' id='line_1_6' title="bbox 162 737 1102 815; baseline -0.001 -19"><span class='ocrx_word' id='word_1_34' title='bbox 162 739 273 797; x_wconf 83' lang='lat' dir='ltr'>blicam</span> <span class='ocrx_word' id='word_1_35' title='bbox 302 740 463 815; x_wconf 91' lang='lat' dir='ltr'>pecuniam</span> <span class='ocrx_word' id='word_1_36' title='bbox 492 741 642 798; x_wconf 85' lang='lat' dir='ltr'>avertisse</span> <span class='ocrx_word' id='word_1_37' title='bbox 667 741 702 797; x_wconf 86' lang='lat' dir='ltr'>ut</span> <span class='ocrx_word' id='word_1_38' title='bbox 726 737 933 814; x_wconf 74' lang='lat' dir='ltr'><strong>peculatorem</strong></span> <span class='ocrx_word' id='word_1_39' title='bbox 962 737 1102 811; x_wconf 79' lang='lat' dir='ltr'>flagitari</span> 
     </span>
     <span class='ocr_line' id='line_1_7' title="bbox 158 833 1102 912; baseline -0.003 -18"><span class='ocrx_word' id='word_1_40' title='bbox 158 837 264 912; x_wconf 82' lang='lat' dir='ltr'>jussit.</span> <span class='ocrx_word' id='word_1_41' title='bbox 286 838 407 896; x_wconf 85' lang='lat' dir='ltr'>Caecina</span> <span class='ocrx_word' id='word_1_42' title='bbox 428 854 508 912; x_wconf 86' lang='lat' dir='ltr'>aegre</span> <span class='ocrx_word' id='word_1_43' title='bbox 528 853 635 912; x_wconf 89' lang='lat' dir='ltr'>passus</span> <span class='ocrx_word' id='word_1_44' title='bbox 655 837 782 894; x_wconf 89' lang='lat' dir='ltr'>miscere</span> <span class='ocrx_word' id='word_1_45' title='bbox 801 837 912 892; x_wconf 85' lang='lat' dir='ltr'>cuncta</span> <span class='ocrx_word' id='word_1_46' title='bbox 931 836 962 892; x_wconf 85' lang='lat' dir='ltr'>et</span> <span class='ocrx_word' id='word_1_47' title='bbox 976 833 1102 908; x_wconf 85' lang='lat' dir='ltr'>privata</span> 
     </span>
     <span class='ocr_line' id='line_1_8' title="bbox 162 924 1102 1010; baseline -0.004 -17"><span class='ocrx_word' id='word_1_48' title='bbox 162 936 292 993; x_wconf 84' lang='lat' dir='ltr'>vulnera</span> <span class='ocrx_word' id='word_1_49' title='bbox 308 924 353 993; x_wconf 88' lang='lat' dir='ltr'>rei</span> <span class='ocrx_word' id='word_1_50' title='bbox 369 935 498 1010; x_wconf 88' lang='lat' dir='ltr'>publicae</span> <span class='ocrx_word' id='word_1_51' title='bbox 512 934 602 991; x_wconf 90' lang='lat' dir='ltr'>malis</span> <span class='ocrx_word' id='word_1_52' title='bbox 617 935 736 1009; x_wconf 87' lang='lat' dir='ltr'>operire</span> <span class='ocrx_word' id='word_1_53' title='bbox 752 933 873 991; x_wconf 84' lang='lat' dir='ltr'>statuit.</span> <span class='ocrx_word' id='word_1_54' title='bbox 892 932 958 990; x_wconf 90' lang='lat' dir='ltr'>Nec</span> <span class='ocrx_word' id='word_1_55' title='bbox 973 932 1102 990; x_wconf 88' lang='lat' dir='ltr'>deerant</span> 
     </span>
     <span class='ocr_line' id='line_1_9' title="bbox 163 1030 1101 1106; baseline -0.002 -16"><span class='ocrx_word' id='word_1_56' title='bbox 163 1033 195 1090; x_wconf 93' lang='lat' dir='ltr'>in</span> <span class='ocrx_word' id='word_1_57' title='bbox 216 1035 353 1092; x_wconf 83' lang='lat' dir='ltr'>exercitu</span> <span class='ocrx_word' id='word_1_58' title='bbox 375 1034 491 1092; x_wconf 90' lang='lat' dir='ltr'>semina</span> <span class='ocrx_word' id='word_1_59' title='bbox 510 1033 684 1100; x_wconf 86' lang='lat' dir='ltr'>discordiae,</span> <span class='ocrx_word' id='word_1_60' title='bbox 706 1032 785 1106; x_wconf 91' lang='lat' dir='ltr'>quod</span> <span class='ocrx_word' id='word_1_61' title='bbox 807 1034 838 1089; x_wconf 86' lang='lat' dir='ltr'>et</span> <span class='ocrx_word' id='word_1_62' title='bbox 857 1030 937 1088; x_wconf 92' lang='lat' dir='ltr'>bello</span> <span class='ocrx_word' id='word_1_63' title='bbox 952 1031 1101 1089; x_wconf 87' lang='lat' dir='ltr'>adversus</span> 
     </span>
     <span class='ocr_line' id='line_1_10' title="bbox 162 1129 1102 1199; baseline -0.003 -9"><span class='ocrx_word' id='word_1_64' title='bbox 162 1132 322 1190; x_wconf 84' lang='lat' dir='ltr'><strong>Vindicem</strong></span> <span class='ocrx_word' id='word_1_65' title='bbox 342 1132 506 1190; x_wconf 87' lang='lat' dir='ltr'>universus</span> <span class='ocrx_word' id='word_1_66' title='bbox 526 1131 681 1199; x_wconf 86' lang='lat' dir='ltr'>adfuerat,</span> <span class='ocrx_word' id='word_1_67' title='bbox 704 1147 759 1187; x_wconf 90' lang='lat' dir='ltr'>nee</span> <span class='ocrx_word' id='word_1_68' title='bbox 781 1129 842 1187; x_wconf 92' lang='lat' dir='ltr'>nisi</span> <span class='ocrx_word' id='word_1_69' title='bbox 860 1129 960 1186; x_wconf 91' lang='lat' dir='ltr'>occiso</span> <span class='ocrx_word' id='word_1_70' title='bbox 975 1129 1102 1188; x_wconf 85' lang='lat' dir='ltr'><strong>Nerone</strong></span> 
     </span>
     <span class='ocr_line' id='line_1_11' title="bbox 160 1228 1100 1303; baseline -0.003 -16"><span class='ocrx_word' id='word_1_71' title='bbox 160 1229 347 1287; x_wconf 81' lang='lat' dir='ltr'>translatus⁴</span> <span class='ocrx_word' id='word_1_72' title='bbox 369 1229 401 1286; x_wconf 93' lang='lat' dir='ltr'>in</span> <span class='ocrx_word' id='word_1_73' title='bbox 427 1229 555 1288; x_wconf 79' lang='lat' dir='ltr'>Galbam</span> <span class='ocrx_word' id='word_1_74' title='bbox 579 1231 671 1303; x_wconf 91' lang='lat' dir='ltr'>atque</span> <span class='ocrx_word' id='word_1_75' title='bbox 696 1228 728 1286; x_wconf 92' lang='lat' dir='ltr'>in</span> <span class='ocrx_word' id='word_1_76' title='bbox 755 1245 790 1286; x_wconf 90' lang='lat' dir='ltr'>eo</span> <span class='ocrx_word' id='word_1_77' title='bbox 815 1228 881 1303; x_wconf 90' lang='lat' dir='ltr'>ipso</span> <span class='ocrx_word' id='word_1_78' title='bbox 906 1229 1100 1285; x_wconf 83' lang='lat' dir='ltr'>sacramento</span> 
     </span>
     <span class='ocr_line' id='line_1_12' title="bbox 161 1326 1102 1400; baseline 0 -17"><span class='ocrx_word' id='word_1_79' title='bbox 161 1326 303 1384; x_wconf 83' lang='lat' dir='ltr'>vexillis⁵</span> <span class='ocrx_word' id='word_1_80' title='bbox 335 1326 490 1385; x_wconf 87' lang='lat' dir='ltr'>inferioris</span> <span class='ocrx_word' id='word_1_81' title='bbox 520 1326 693 1386; x_wconf 89' lang='lat' dir='ltr'>Germaniae</span> <span class='ocrx_word' id='word_1_82' title='bbox 720 1326 915 1400; x_wconf 78' lang='lat' dir='ltr'>praeventus⁶</span> <span class='ocrx_word' id='word_1_83' title='bbox 944 1327 1022 1385; x_wconf 90' lang='lat' dir='ltr'>erat.</span> <span class='ocrx_word' id='word_1_84' title='bbox 1059 1327 1102 1385; x_wconf 87' lang='lat' dir='ltr'>Et</span> 
     </span>
     <span class='ocr_line' id='line_1_13' title="bbox 161 1423 1100 1498; baseline -0.002 -16"><span class='ocrx_word' id='word_1_85' title='bbox 161 1425 308 1483; x_wconf 82' lang='lat' dir='ltr'>Treveri⁷</span> <span class='ocrx_word' id='word_1_86' title='bbox 327 1442 362 1482; x_wconf 93' lang='lat' dir='ltr'>ac</span> <span class='ocrx_word' id='word_1_87' title='bbox 381 1426 536 1498; x_wconf 83' lang='lat' dir='ltr'>Lingones</span> <span class='ocrx_word' id='word_1_88' title='bbox 546 1425 568 1493; x_wconf 81' lang='lat'>⁸,</span> <span class='ocrx_word' id='word_1_89' title='bbox 586 1441 720 1498; x_wconf 90' lang='lat' dir='ltr'>quasque</span> <span class='ocrx_word' id='word_1_90' title='bbox 735 1423 814 1481; x_wconf 89' lang='lat' dir='ltr'>alias</span> <span class='ocrx_word' id='word_1_91' title='bbox 828 1423 972 1481; x_wconf 87' lang='lat' dir='ltr'>civitates</span> <span class='ocrx_word' id='word_1_92' title='bbox 987 1425 1100 1480; x_wconf 87' lang='lat' dir='ltr'>atroci·</span> 
     </span>
     <span class='ocr_line' id='line_1_14' title="bbox 160 1520 1099 1596; baseline -0.001 -17"><span class='ocrx_word' id='word_1_93' title='bbox 160 1522 216 1580; x_wconf 92' lang='lat' dir='ltr'>bus</span> <span class='ocrx_word' id='word_1_94' title='bbox 232 1523 340 1581; x_wconf 87' lang='lat' dir='ltr'>edictis</span> <span class='ocrx_word' id='word_1_95' title='bbox 362 1525 416 1581; x_wconf 89' lang='lat' dir='ltr'>aut</span> <span class='ocrx_word' id='word_1_96' title='bbox 430 1523 539 1580; x_wconf 89' lang='lat' dir='ltr'>damno</span> <span class='ocrx_word' id='word_1_97' title='bbox 553 1522 662 1579; x_wconf 86' lang='lat' dir='ltr'>finium</span> <span class='ocrx_word' id='word_1_98' title='bbox 677 1521 776 1581; x_wconf 82' lang='lat' dir='ltr'>Galba</span> <span class='ocrx_word' id='word_1_99' title='bbox 790 1520 978 1596; x_wconf 82' lang='lat' dir='ltr'>perculerat,</span> <span class='ocrx_word' id='word_1_100' title='bbox 996 1521 1099 1579; x_wconf 90' lang='lat' dir='ltr'>hiber-</span> 
     </span>
     <span class='ocr_line' id='line_1_15' title="bbox 160 1615 1098 1694; baseline -0.001 -18"><span class='ocrx_word' id='word_1_101' title='bbox 160 1619 208 1676; x_wconf 90' lang='lat' dir='ltr'>nis</span> <span class='ocrx_word' id='word_1_102' title='bbox 223 1619 378 1693; x_wconf 82' lang='lat' dir='ltr'>legionum</span> <span class='ocrx_word' id='word_1_103' title='bbox 393 1620 519 1694; x_wconf 88' lang='lat' dir='ltr'>propius</span> <span class='ocrx_word' id='word_1_104' title='bbox 532 1615 719 1676; x_wconf 86' lang='lat' dir='ltr'>miscentur⁹</span> <span class='ocrx_word' id='word_1_105' title='bbox 733 1640 739 1676; x_wconf 93' lang='lat'>:</span> <span class='ocrx_word' id='word_1_106' title='bbox 753 1618 834 1675; x_wconf 91' lang='lat' dir='ltr'>unde</span> <span class='ocrx_word' id='word_1_107' title='bbox 848 1618 994 1676; x_wconf 86' lang='lat' dir='ltr'>seditiosa</span> <span class='ocrx_word' id='word_1_108' title='bbox 1005 1617 1098 1675; x_wconf 89' lang='lat' dir='ltr'>collo-</span> 
     </span>
     <span class='ocr_line' id='line_1_16' title="bbox 159 1715 1099 1793; baseline -0.002 -18"><span class='ocrx_word' id='word_1_109' title='bbox 159 1718 232 1793; x_wconf 88' lang='lat' dir='ltr'>quia</span> <span class='ocrx_word' id='word_1_110' title='bbox 250 1721 281 1776; x_wconf 93' lang='lat' dir='ltr'>et</span> <span class='ocrx_word' id='word_1_111' title='bbox 301 1719 383 1776; x_wconf 88' lang='lat' dir='ltr'>inter</span> <span class='ocrx_word' id='word_1_112' title='bbox 397 1733 537 1793; x_wconf 83' lang='lat' dir='ltr'>paganos</span> <span class='ocrx_word' id='word_1_113' title='bbox 545 1718 568 1753; x_wconf 79' lang='lat'>1⁰</span> <span class='ocrx_word' id='word_1_114' title='bbox 587 1717 761 1790; x_wconf 85' lang='lat' dir='ltr'>corruptior</span> <span class='ocrx_word' id='word_1_115' title='bbox 782 1715 870 1773; x_wconf 90' lang='lat' dir='ltr'>miles</span> <span class='ocrx_word' id='word_1_116' title='bbox 889 1718 921 1774; x_wconf 95' lang='lat' dir='ltr'>et</span> <span class='ocrx_word' id='word_1_117' title='bbox 940 1716 973 1774; x_wconf 94' lang='lat' dir='ltr'>in</span> <span class='ocrx_word' id='word_1_118' title='bbox 988 1716 1099 1790; x_wconf 83' lang='lat' dir='ltr'>Vergi-</span> 
     </span>
     <span class='ocr_line' id='line_1_17' title="bbox 159 1814 810 1891; baseline 0 -19"><span class='ocrx_word' id='word_1_119' title='bbox 159 1816 243 1873; x_wconf 92' lang='lat' dir='ltr'>nium</span> <span class='ocrx_word' id='word_1_120' title='bbox 257 1815 346 1874; x_wconf 83' lang='lat' dir='ltr'>favor</span> <span class='ocrx_word' id='word_1_121' title='bbox 360 1817 538 1891; x_wconf 88' lang='lat' dir='ltr'>cuicumque</span> <span class='ocrx_word' id='word_1_122' title='bbox 552 1815 607 1872; x_wconf 90' lang='lat' dir='ltr'>alii</span> <span class='ocrx_word' id='word_1_123' title='bbox 621 1814 810 1890; x_wconf 79' lang='lat' dir='ltr'>profuturus</span> 
     </span>
    </p>

    <p class='ocr_par' dir='ltr' id='par_1_3' title="bbox 200 1912 1098 1988">
     <span class='ocr_line' id='line_1_18' title="bbox 200 1912 1098 1988; baseline -0.002 -16"><span class='ocrx_word' id='word_1_124' title='bbox 200 1915 249 1974; x_wconf 88' lang='grc'>54.</span> <span class='ocrx_word' id='word_1_125' title='bbox 276 1915 406 1972; x_wconf 89' lang='lat' dir='ltr'>Miserat</span> <span class='ocrx_word' id='word_1_126' title='bbox 422 1915 533 1971; x_wconf 88' lang='lat' dir='ltr'>civitas</span> <span class='ocrx_word' id='word_1_127' title='bbox 547 1913 722 1988; x_wconf 85' lang='lat' dir='ltr'>Lingonum</span> <span class='ocrx_word' id='word_1_128' title='bbox 736 1914 840 1970; x_wconf 85' lang='lat' dir='ltr'>vetere</span> <span class='ocrx_word' id='word_1_129' title='bbox 855 1912 1000 1970; x_wconf 87' lang='lat' dir='ltr'>instituto</span> <span class='ocrx_word' id='word_1_130' title='bbox 1017 1913 1098 1970; x_wconf 89' lang='lat' dir='ltr'>dona</span> 
     </span>
    </p>
   </div>
   <div class='ocr_carea' id='block_1_3' title="bbox 157 2011 1102 2285">
    <p class='ocr_par' dir='ltr' id='par_1_4' title="bbox 157 2011 1102 2285">
     <span class='ocr_line' id='line_1_19' title="bbox 158 2011 1102 2091; baseline 0.002 -23"><span class='ocrx_word' id='word_1_131' title='bbox 158 2011 330 2084; x_wconf 81' lang='lat' dir='ltr'>legionibus</span> <span class='ocrx_word' id='word_1_132' title='bbox 346 2011 503 2080; x_wconf 82' lang='lat' dir='ltr'>dextras¹,</span> <span class='ocrx_word' id='word_1_133' title='bbox 522 2012 649 2088; x_wconf 89' lang='lat' dir='ltr'>hospitii</span> <span class='ocrx_word' id='word_1_134' title='bbox 660 2013 798 2085; x_wconf 80' lang='lat' dir='ltr'>insigne.</span> <span class='ocrx_word' id='word_1_135' title='bbox 816 2012 926 2085; x_wconf 82' lang='lat' dir='ltr'>Legati</span> <span class='ocrx_word' id='word_1_136' title='bbox 942 2029 1046 2070; x_wconf 91' lang='lat' dir='ltr'>eorum</span> <span class='ocrx_word' id='word_1_137' title='bbox 1066 2013 1102 2091; x_wconf 48' lang='lat' dir='ltr'>in⁴</span> 
     </span>
     <span class='ocr_line' id='line_1_20' title="bbox 158 2107 1096 2184; baseline 0.001 -19"><span class='ocrx_word' id='word_1_138' title='bbox 158 2107 348 2182; x_wconf 78' lang='lat' dir='ltr'>squalorem2</span> <span class='ocrx_word' id='word_1_139' title='bbox 376 2109 613 2184; x_wconf 88' lang='lat' dir='ltr'>maestitiamque</span> <span class='ocrx_word' id='word_1_140' title='bbox 645 2108 807 2183; x_wconf 86' lang='lat' dir='ltr'>compositi</span> <span class='ocrx_word' id='word_1_141' title='bbox 843 2125 899 2182; x_wconf 90' lang='lat' dir='ltr'>per</span> <span class='ocrx_word' id='word_1_142' title='bbox 927 2109 1096 2183; x_wconf 89' lang='lat' dir='ltr'>principia,</span> 
     </span>
     <span class='ocr_line' id='line_1_21' title="bbox 157 2209 1097 2285; baseline 0 -19"><span class='ocrx_word' id='word_1_143' title='bbox 157 2226 212 2284; x_wconf 88' lang='lat' dir='ltr'>per</span> <span class='ocrx_word' id='word_1_144' title='bbox 227 2210 442 2279; x_wconf 90' lang='lat' dir='ltr'>contubernia,</span> <span class='ocrx_word' id='word_1_145' title='bbox 465 2212 553 2269; x_wconf 92' lang='lat' dir='ltr'>modo</span> <span class='ocrx_word' id='word_1_146' title='bbox 569 2227 640 2269; x_wconf 89' lang='lat' dir='ltr'>suas</span> <span class='ocrx_word' id='word_1_147' title='bbox 657 2209 804 2285; x_wconf 88' lang='lat' dir='ltr'>injurias,</span> <span class='ocrx_word' id='word_1_148' title='bbox 822 2209 910 2284; x_wconf 89' lang='lat' dir='ltr'>modo</span> <span class='ocrx_word' id='word_1_149' title='bbox 925 2210 1097 2267; x_wconf 86' lang='lat' dir='ltr'>vicinarum</span> 
     </span>
    </p>
   </div>
   <div class='ocr_carea' id='block_1_4' title="bbox 152 2343 602 3582">
    <p class='ocr_par' dir='ltr' id='par_1_5' title="bbox 156 2343 602 2589">
     <span class='ocr_line' id='line_1_22' title="bbox 192 2343 602 2393; baseline 0 -1"><span class='ocrx_word' id='word_1_150' title='bbox 192 2351 245 2392; x_wconf 71' lang='grc' dir='ltr'>ω.</span> <span class='ocrx_word' id='word_1_151' title='bbox 267 2353 287 2393; x_wconf 93' lang='grc'>1.</span> <span class='ocrx_word' id='word_1_152' title='bbox 308 2343 372 2393; x_wconf 79' lang='lat' dir='ltr'>Scito</span> <span class='ocrx_word' id='word_1_153' title='bbox 385 2358 497 2392; x_wconf 81' lang='lat' dir='ltr'>sermone</span> <span class='ocrx_word' id='word_1_154' title='bbox 513 2371 546 2380; x_wconf 91' lang='lat'>-</span> <span class='ocrx_word' id='word_1_155' title='bbox 565 2346 602 2392; x_wconf 82' lang='lat' dir='ltr'>in-</span> 
     </span>
     <span class='ocr_line' id='line_1_23' title="bbox 157 2407 601 2471; baseline -0.002 -13"><span class='ocrx_word' id='word_1_156' title='bbox 157 2425 240 2467; x_wconf 86' lang='lat' dir='ltr'>ceaaa,</span> <span class='ocrx_word' id='word_1_157' title='bbox 258 2410 309 2459; x_wconf 90' lang='lat' dir='ltr'>abl.</span> <span class='ocrx_word' id='word_1_158' title='bbox 323 2409 355 2456; x_wconf 88' lang='lat' dir='ltr'>de</span> <span class='ocrx_word' id='word_1_159' title='bbox 364 2409 387 2457; x_wconf 91' lang='lat' dir='ltr'>la</span> <span class='ocrx_word' id='word_1_160' title='bbox 400 2407 502 2471; x_wconf 78' lang='lat' dir='ltr'>qualite,</span> <span class='ocrx_word' id='word_1_161' title='bbox 516 2418 540 2456; x_wconf 85' lang='lat' dir='ltr'>et</span> <span class='ocrx_word' id='word_1_162' title='bbox 552 2424 601 2457; x_wconf 90' lang='lat' dir='ltr'>non</span> 
     </span>
     <span class='ocr_line' id='line_1_24' title="bbox 156 2472 601 2588; baseline -0.002 -64"><span class='ocrx_word' id='word_1_163' title='bbox 156 2475 260 2588; x_wconf 60' lang='lat' dir='ltr'>ffiabl&#39;</span> <span class='ocrx_word' id='word_1_164' title='bbox 272 2475 304 2524; x_wconf 95' lang='lat' dir='ltr'>de</span> <span class='ocrx_word' id='word_1_165' title='bbox 313 2489 415 2539; x_wconf 75' lang='lat' dir='ltr'>moyen:</span> <span class='ocrx_word' id='word_1_166' title='bbox 427 2472 485 2521; x_wconf 88' lang='lat' dir='ltr'>d&#39;un</span> <span class='ocrx_word' id='word_1_167' title='bbox 498 2474 601 2538; x_wconf 81' lang='lat' dir='ltr'>laugage</span> 
     </span>
     <span class='ocr_line' id='line_1_25' title="bbox 174 2539 249 2589; baseline 0 -1"><span class='ocrx_word' id='word_1_168' title='bbox 174 2557 188 2588; x_wconf 89' lang='lat' dir='ltr'>a</span> <span class='ocrx_word' id='word_1_169' title='bbox 208 2539 249 2589; x_wconf 85' lang='lat' dir='ltr'>ile.</span> 
     </span>
    </p>

    <p class='ocr_par' dir='ltr' id='par_1_6' title="bbox 155 2602 602 2866">
     <span class='ocr_line' id='line_1_26' title="bbox 189 2602 602 2668; baseline -0.007 -13"><span class='ocrx_word' id='word_1_170' title='bbox 189 2613 211 2655; x_wconf 81' lang='lat'>2.</span> <span class='ocrx_word' id='word_1_171' title='bbox 235 2606 341 2661; x_wconf 83' lang='lat' dir='ltr'>Boetica,</span> <span class='ocrx_word' id='word_1_172' title='bbox 364 2602 480 2668; x_wconf 78' lang='lat' dir='ltr'>province</span> <span class='ocrx_word' id='word_1_173' title='bbox 507 2605 602 2652; x_wconf 84' lang='lat' dir='ltr'>se&#39;nato-</span> 
     </span>
     <span class='ocr_line' id='line_1_27' title="bbox 155 2666 601 2729; baseline -0.004 -11"><span class='ocrx_word' id='word_1_174' title='bbox 155 2669 230 2729; x_wconf 88' lang='lat' dir='ltr'>riale‚</span> <span class='ocrx_word' id='word_1_175' title='bbox 253 2670 331 2719; x_wconf 87' lang='lat' dir='ltr'>situe&#39;o</span> <span class='ocrx_word' id='word_1_176' title='bbox 351 2684 382 2717; x_wconf 93' lang='lat' dir='ltr'>au</span> <span class='ocrx_word' id='word_1_177' title='bbox 403 2668 449 2716; x_wconf 90' lang='lat' dir='ltr'>sud</span> <span class='ocrx_word' id='word_1_178' title='bbox 469 2666 501 2716; x_wconf 90' lang='lat' dir='ltr'>de</span> <span class='ocrx_word' id='word_1_179' title='bbox 519 2667 601 2717; x_wconf 82' lang='lat' dir='ltr'>l&#39;Anas</span> 
     </span>
     <span class='ocr_line' id='line_1_28' title="bbox 155 2732 601 2799; baseline -0.009 -14"><span class='ocrx_word' id='word_1_180' title='bbox 155 2735 302 2799; x_wconf 85' lang='lat' dir='ltr'>(Guadiana)</span> <span class='ocrx_word' id='word_1_181' title='bbox 322 2744 346 2782; x_wconf 90' lang='lat' dir='ltr'>et</span> <span class='ocrx_word' id='word_1_182' title='bbox 368 2749 399 2781; x_wconf 89' lang='lat' dir='ltr'>au</span> <span class='ocrx_word' id='word_1_183' title='bbox 422 2732 550 2782; x_wconf 78' lang='lat' dir='ltr'>sudouest</span> <span class='ocrx_word' id='word_1_184' title='bbox 570 2733 601 2782; x_wconf 90' lang='lat' dir='ltr'>de</span> 
     </span>
     <span class='ocr_line' id='line_1_29' title="bbox 156 2797 440 2866; baseline -0.004 -17"><span class='ocrx_word' id='word_1_185' title='bbox 156 2799 287 2866; x_wconf 78' lang='lat' dir='ltr'>l&#39;llspagne</span> <span class='ocrx_word' id='word_1_186' title='bbox 302 2797 440 2848; x_wconf 76' lang='lat' dir='ltr'>citerieure.</span> 
     </span>
    </p>

    <p class='ocr_par' dir='ltr' id='par_1_7' title="bbox 155 2862 602 3125">
     <span class='ocr_line' id='line_1_30' title="bbox 189 2862 601 2916; baseline -0.01 0"><span class='ocrx_word' id='word_1_187' title='bbox 189 2875 211 2916; x_wconf 89' lang='lat'>3.</span> <span class='ocrx_word' id='word_1_188' title='bbox 225 2864 366 2916; x_wconf 87' lang='lat' dir='ltr'>Convainou</span> <span class='ocrx_word' id='word_1_189' title='bbox 378 2862 469 2912; x_wconf 82' lang='lat' dir='ltr'>d&#39;avoir</span> <span class='ocrx_word' id='word_1_190' title='bbox 481 2864 601 2912; x_wconf 78' lang='lat' dir='ltr'>de‘tourne</span> 
     </span>
     <span class='ocr_line' id='line_1_31' title="bbox 155 2928 602 2993; baseline -0.009 -13"><span class='ocrx_word' id='word_1_191' title='bbox 155 2931 192 2980; x_wconf 90' lang='lat' dir='ltr'>les</span> <span class='ocrx_word' id='word_1_192' title='bbox 204 2931 302 2980; x_wconf 84' lang='lat' dir='ltr'>deniers</span> <span class='ocrx_word' id='word_1_193' title='bbox 318 2929 431 2993; x_wconf 91' lang='lat' dir='ltr'>publics,</span> <span class='ocrx_word' id='word_1_194' title='bbox 452 2928 470 2976; x_wconf 90' lang='lat' dir='ltr'>il</span> <span class='ocrx_word' id='word_1_195' title='bbox 487 2929 537 2986; x_wconf 83' lang='lat' dir='ltr'>lut,</span> <span class='ocrx_word' id='word_1_196' title='bbox 560 2945 602 2977; x_wconf 83' lang='lat' dir='ltr'>sur</span> 
     </span>
     <span class='ocr_line' id='line_1_32' title="bbox 155 2993 602 3060; baseline -0.004 -16"><span class='ocrx_word' id='word_1_197' title='bbox 155 2996 244 3047; x_wconf 82' lang='lat' dir='ltr'>l&#39;ardre</span> <span class='ocrx_word' id='word_1_198' title='bbox 256 2996 288 3045; x_wconf 92' lang='lat' dir='ltr'>de</span> <span class='ocrx_word' id='word_1_199' title='bbox 297 2993 389 3055; x_wconf 82' lang='lat' dir='ltr'>Galba,</span> <span class='ocrx_word' id='word_1_200' title='bbox 402 2993 529 3059; x_wconf 87' lang='lat' dir='ltr'>poursuivi</span> <span class='ocrx_word' id='word_1_201' title='bbox 538 3009 602 3060; x_wconf 87' lang='lat' dir='ltr'>pour</span> 
     </span>
     <span class='ocr_line' id='line_1_33' title="bbox 155 3059 394 3125; baseline -0.021 -14"><span class='ocrx_word' id='word_1_202' title='bbox 155 3061 230 3111; x_wconf 87' lang='lat' dir='ltr'>crime</span> <span class='ocrx_word' id='word_1_203' title='bbox 242 3061 274 3110; x_wconf 87' lang='lat' dir='ltr'>de</span> <span class='ocrx_word' id='word_1_204' title='bbox 286 3059 394 3125; x_wconf 71' lang='lat' dir='ltr'>pec&#39;ulat.</span> 
     </span>
    </p>

    <p class='ocr_par' dir='ltr' id='par_1_8' title="bbox 188 3127 504 3176">
     <span class='ocr_line' id='line_1_34' title="bbox 188 3127 504 3176; baseline -0.009 0"><span class='ocrx_word' id='word_1_205' title='bbox 188 3136 212 3176; x_wconf 84' lang='grc'>4.</span> <span class='ocrx_word' id='word_1_206' title='bbox 234 3127 382 3175; x_wconf 82' lang='lat' dir='ltr'>Translatus</span> <span class='ocrx_word' id='word_1_207' title='bbox 394 3140 429 3173; x_wconf 89' lang='lat' dir='ltr'>sc.</span> <span class='ocrx_word' id='word_1_208' title='bbox 441 3131 504 3173; x_wconf 84' lang='lat' dir='ltr'>crat.</span> 
     </span>
    </p>

    <p class='ocr_par' dir='ltr' id='par_1_9' title="bbox 155 3188 601 3384">
     <span class='ocr_line' id='line_1_35' title="bbox 188 3188 601 3253; baseline -0.012 -11"><span class='ocrx_word' id='word_1_209' title='bbox 188 3201 210 3242; x_wconf 85' lang='lat'>5.</span> <span class='ocrx_word' id='word_1_210' title='bbox 233 3193 327 3241; x_wconf 78' lang='lat' dir='ltr'>Vecillo</span> <span class='ocrx_word' id='word_1_211' title='bbox 345 3189 383 3238; x_wconf 87' lang='lat' dir='ltr'>n&#39;a</span> <span class='ocrx_word' id='word_1_212' title='bbox 401 3204 445 3253; x_wconf 92' lang='lat' dir='ltr'>pas</span> <span class='ocrx_word' id='word_1_213' title='bbox 461 3188 493 3238; x_wconf 92' lang='lat' dir='ltr'>ici</span> <span class='ocrx_word' id='word_1_214' title='bbox 509 3189 532 3238; x_wconf 90' lang='lat' dir='ltr'>le</span> <span class='ocrx_word' id='word_1_215' title='bbox 545 3205 601 3238; x_wconf 90' lang='lat' dir='ltr'>sens</span> 
     </span>
     <span class='ocr_line' id='line_1_36' title="bbox 155 3254 601 3313; baseline -0.011 -6"><span class='ocrx_word' id='word_1_216' title='bbox 155 3256 281 3308; x_wconf 83' lang='lat' dir='ltr'>ordinaire</span> <span class='ocrx_word' id='word_1_217' title='bbox 290 3255 321 3304; x_wconf 90' lang='lat' dir='ltr'>do</span> <span class='ocrx_word' id='word_1_218' title='bbox 331 3254 528 3313; x_wconf 83' lang='lat' dir='ltr'>de&#39;tacbements,</span> <span class='ocrx_word' id='word_1_219' title='bbox 540 3255 601 3303; x_wconf 91' lang='lat' dir='ltr'>mais</span> 
     </span>
     <span class='ocr_line' id='line_1_37' title="bbox 155 3319 598 3384; baseline -0.009 -11"><span class='ocrx_word' id='word_1_220' title='bbox 155 3340 184 3373; x_wconf 90' lang='lat' dir='ltr'>ce</span> <span class='ocrx_word' id='word_1_221' title='bbox 196 3331 246 3371; x_wconf 89' lang='lat' dir='ltr'>mot</span> <span class='ocrx_word' id='word_1_222' title='bbox 263 3330 299 3370; x_wconf 88' lang='lat' dir='ltr'>est</span> <span class='ocrx_word' id='word_1_223' title='bbox 317 3319 364 3368; x_wconf 87' lang='lat' dir='ltr'>mis</span> <span class='ocrx_word' id='word_1_224' title='bbox 385 3335 448 3384; x_wconf 89' lang='lat' dir='ltr'>pour</span> <span class='ocrx_word' id='word_1_225' title='bbox 463 3323 598 3382; x_wconf 81' lang='lat' dir='ltr'>manipuli.</span> 
     </span>
    </p>

    <p class='ocr_par' dir='ltr' id='par_1_10' title="bbox 187 3385 598 3442">
     <span class='ocr_line' id='line_1_38' title="bbox 187 3385 598 3442; baseline -0.002 -6"><span class='ocrx_word' id='word_1_226' title='bbox 187 3395 209 3438; x_wconf 88' lang='lat'>6.</span> <span class='ocrx_word' id='word_1_227' title='bbox 228 3388 383 3442; x_wconf 82' lang='lat' dir='ltr'>Proeornlaa,</span> <span class='ocrx_word' id='word_1_228' title='bbox 393 3401 414 3434; x_wconf 79' lang='lat' dir='ltr'>s.</span> <span class='ocrx_word' id='word_1_229' title='bbox 426 3385 465 3434; x_wconf 91' lang='lat' dir='ltr'>ch.</span> <span class='ocrx_word' id='word_1_230' title='bbox 477 3393 498 3441; x_wconf 83' lang='lat'>5,</span> <span class='ocrx_word' id='word_1_231' title='bbox 511 3394 567 3434; x_wconf 85' lang='lat' dir='ltr'>note</span> <span class='ocrx_word' id='word_1_232' title='bbox 576 3393 598 3435; x_wconf 83' lang='lat'>5.</span> 
     </span>
    </p>

    <p class='ocr_par' dir='ltr' id='par_1_11' title="bbox 152 3450 600 3582">
     <span class='ocr_line' id='line_1_39' title="bbox 188 3450 598 3515; baseline -0.005 -14"><span class='ocrx_word' id='word_1_233' title='bbox 188 3460 210 3504; x_wconf 84' lang='lat'>7.</span> <span class='ocrx_word' id='word_1_234' title='bbox 235 3452 281 3501; x_wconf 89' lang='lat' dir='ltr'>Les</span> <span class='ocrx_word' id='word_1_235' title='bbox 292 3450 403 3500; x_wconf 85' lang='lat' dir='ltr'>Tre&#39;vires</span> <span class='ocrx_word' id='word_1_236' title='bbox 414 3450 529 3515; x_wconf 86' lang='lat' dir='ltr'>(capitale</span> <span class='ocrx_word' id='word_1_237' title='bbox 548 3450 598 3500; x_wconf 79' lang='lat' dir='ltr'>Aa·</span> 
     </span>
     <span class='ocr_line' id='line_1_40' title="bbox 152 3515 600 3582; baseline -0.009 -13"><span class='ocrx_word' id='word_1_238' title='bbox 152 3526 226 3582; x_wconf 75' lang='lat' dir='ltr'>pasto</span> <span class='ocrx_word' id='word_1_239' title='bbox 245 3518 421 3575; x_wconf 80' lang='lat' dir='ltr'>Treverorum,</span> <span class='ocrx_word' id='word_1_240' title='bbox 441 3515 543 3575; x_wconf 71' lang='lat' dir='ltr'>Tralles,</span> <span class='ocrx_word' id='word_1_241' title='bbox 558 3532 600 3565; x_wconf 88' lang='lat' dir='ltr'>sur</span> 
     </span>
    </p>
   </div>
   <div class='ocr_carea' id='block_1_5' title="bbox 648 2343 1110 3568">
    <p class='ocr_par' dir='ltr' id='par_1_12' title="bbox 650 2343 1099 2588">
     <span class='ocr_line' id='line_1_41' title="bbox 651 2343 1099 2407; baseline 0.007 -16"><span class='ocrx_word' id='word_1_242' title='bbox 651 2343 676 2392; x_wconf 93' lang='lat' dir='ltr'>la</span> <span class='ocrx_word' id='word_1_243' title='bbox 687 2343 811 2407; x_wconf 83' lang='lat' dir='ltr'>Mosella),</span> <span class='ocrx_word' id='word_1_244' title='bbox 825 2343 987 2393; x_wconf 81' lang='lat' dir='ltr'>s&#39;etendaient</span> <span class='ocrx_word' id='word_1_245' title='bbox 1000 2345 1062 2394; x_wconf 89' lang='lat' dir='ltr'>dans</span> <span class='ocrx_word' id='word_1_246' title='bbox 1074 2346 1099 2394; x_wconf 91' lang='lat' dir='ltr'>la</span> 
     </span>
     <span class='ocr_line' id='line_1_42' title="bbox 651 2407 1098 2474; baseline 0.004 -16"><span class='ocrx_word' id='word_1_247' title='bbox 651 2408 729 2458; x_wconf 90' lang='lat' dir='ltr'>Gaule</span> <span class='ocrx_word' id='word_1_248' title='bbox 753 2407 873 2474; x_wconf 82' lang='lat' dir='ltr'>Belgique</span> <span class='ocrx_word' id='word_1_249' title='bbox 892 2418 960 2459; x_wconf 85' lang='lat' dir='ltr'>entre</span> <span class='ocrx_word' id='word_1_250' title='bbox 985 2411 1021 2458; x_wconf 92' lang='lat' dir='ltr'>les</span> <span class='ocrx_word' id='word_1_251' title='bbox 1049 2412 1098 2460; x_wconf 74' lang='grc' dir='ltr'>Μό-</span> 
     </span>
     <span class='ocr_line' id='line_1_43' title="bbox 651 2473 1095 2539; baseline 0.007 -17"><span class='ocrx_word' id='word_1_252' title='bbox 651 2473 1095 2539; x_wconf 79' lang='lat' dir='ltr'>diametriques(Metz)‚lesNerviens,</span> 
     </span>
     <span class='ocr_line' id='line_1_44' title="bbox 650 2539 945 2588; baseline 0.003 -2"><span class='ocrx_word' id='word_1_253' title='bbox 650 2539 686 2588; x_wconf 91' lang='lat' dir='ltr'>les</span> <span class='ocrx_word' id='word_1_254' title='bbox 700 2539 788 2588; x_wconf 72' lang='lat' dir='ltr'>Remos</span> <span class='ocrx_word' id='word_1_255' title='bbox 800 2547 824 2588; x_wconf 84' lang='lat' dir='ltr'>et</span> <span class='ocrx_word' id='word_1_256' title='bbox 836 2540 860 2588; x_wconf 93' lang='lat' dir='ltr'>le</span> <span class='ocrx_word' id='word_1_257' title='bbox 872 2539 945 2588; x_wconf 86' lang='lat' dir='ltr'>Rhin.</span> 
     </span>
    </p>

    <p class='ocr_par' dir='ltr' id='par_1_13' title="bbox 650 2606 1098 2930">
     <span class='ocr_line' id='line_1_45' title="bbox 683 2606 1097 2667; baseline 0.002 -14"><span class='ocrx_word' id='word_1_258' title='bbox 683 2612 705 2653; x_wconf 90' lang='lat'>8.</span> <span class='ocrx_word' id='word_1_259' title='bbox 726 2606 862 2667; x_wconf 78' lang='lat' dir='ltr'>Liapones,</span> <span class='ocrx_word' id='word_1_260' title='bbox 881 2620 930 2652; x_wconf 80' lang='lat' dir='ltr'>aux</span> <span class='ocrx_word' id='word_1_261' title='bbox 946 2619 1045 2654; x_wconf 88' lang='lat' dir='ltr'>sources</span> <span class='ocrx_word' id='word_1_262' title='bbox 1065 2606 1097 2655; x_wconf 91' lang='lat' dir='ltr'>dc</span> 
     </span>
     <span class='ocr_line' id='line_1_46' title="bbox 651 2669 1096 2729; baseline 0.004 -13"><span class='ocrx_word' id='word_1_263' title='bbox 651 2669 674 2717; x_wconf 90' lang='lat' dir='ltr'>la</span> <span class='ocrx_word' id='word_1_264' title='bbox 686 2669 769 2719; x_wconf 80' lang='lat' dir='ltr'>Marna</span> <span class='ocrx_word' id='word_1_265' title='bbox 786 2678 810 2717; x_wconf 81' lang='lat' dir='ltr'>et</span> <span class='ocrx_word' id='word_1_266' title='bbox 826 2669 857 2717; x_wconf 91' lang='lat' dir='ltr'>de</span> <span class='ocrx_word' id='word_1_267' title='bbox 869 2669 892 2717; x_wconf 90' lang='lat' dir='ltr'>la</span> <span class='ocrx_word' id='word_1_268' title='bbox 904 2671 1001 2729; x_wconf 84' lang='lat' dir='ltr'>Mense,</span> <span class='ocrx_word' id='word_1_269' title='bbox 1026 2679 1096 2718; x_wconf 84' lang='lat' dir='ltr'>entre</span> 
     </span>
     <span class='ocr_line' id='line_1_47' title="bbox 650 2733 1098 2801; baseline 0.004 -19"><span class='ocrx_word' id='word_1_270' title='bbox 650 2733 686 2782; x_wconf 90' lang='lat' dir='ltr'>les</span> <span class='ocrx_word' id='word_1_271' title='bbox 696 2734 842 2783; x_wconf 81' lang='lat' dir='ltr'>Treviresau</span> <span class='ocrx_word' id='word_1_272' title='bbox 855 2736 915 2783; x_wconf 90' lang='lat' dir='ltr'>nord</span> <span class='ocrx_word' id='word_1_273' title='bbox 927 2743 951 2783; x_wconf 87' lang='lat' dir='ltr'>et</span> <span class='ocrx_word' id='word_1_274' title='bbox 962 2736 1098 2801; x_wconf 89' lang='lat' dir='ltr'>lesSe&#39;qua-</span> 
     </span>
     <span class='ocr_line' id='line_1_48' title="bbox 650 2799 1098 2864; baseline 0.009 -18"><span class='ocrx_word' id='word_1_275' title='bbox 650 2815 694 2847; x_wconf 92' lang='lat' dir='ltr'>nes</span> <span class='ocrx_word' id='word_1_276' title='bbox 706 2814 737 2857; x_wconf 87' lang='lat' dir='ltr'>au</span> <span class='ocrx_word' id='word_1_277' title='bbox 745 2799 791 2847; x_wconf 87' lang='lat' dir='ltr'>sud</span> <span class='ocrx_word' id='word_1_278' title='bbox 803 2814 861 2848; x_wconf 82' lang='lat' dir='ltr'>aroc</span> <span class='ocrx_word' id='word_1_279' title='bbox 872 2799 896 2848; x_wconf 90' lang='lat' dir='ltr'>la</span> <span class='ocrx_word' id='word_1_280' title='bbox 907 2816 961 2864; x_wconf 88' lang='lat' dir='ltr'>cap.</span> <span class='ocrx_word' id='word_1_281' title='bbox 975 2801 1098 2850; x_wconf 79' lang='lat' dir='ltr'>Andema-</span> 
     </span>
     <span class='ocr_line' id='line_1_49' title="bbox 650 2862 962 2930; baseline 0.003 -17"><span class='ocrx_word' id='word_1_282' title='bbox 650 2872 767 2921; x_wconf 81' lang='lat' dir='ltr'>tunnum,</span> <span class='ocrx_word' id='word_1_283' title='bbox 782 2862 832 2927; x_wconf 87' lang='lat' dir='ltr'>auj.</span> <span class='ocrx_word' id='word_1_284' title='bbox 846 2865 962 2930; x_wconf 78' lang='lat' dir='ltr'>Langres.</span> 
     </span>
    </p>

    <p class='ocr_par' dir='ltr' id='par_1_14' title="bbox 653 2930 1096 3045">
     <span class='ocr_line' id='line_1_50' title="bbox 684 2930 1096 2997; baseline 0.007 -19"><span class='ocrx_word' id='word_1_285' title='bbox 684 2936 705 2979; x_wconf 85' lang='grc'>9.</span> <span class='ocrx_word' id='word_1_286' title='bbox 725 2931 868 2988; x_wconf 72' lang='lat' dir='ltr'>Maaeratar,</span> <span class='ocrx_word' id='word_1_287' title='bbox 878 2939 921 2979; x_wconf 84' lang='lat' dir='ltr'>ont</span> <span class='ocrx_word' id='word_1_288' title='bbox 930 2930 974 2979; x_wconf 88' lang='lat' dir='ltr'>des</span> <span class='ocrx_word' id='word_1_289' title='bbox 983 2940 1096 2997; x_wconf 87' lang='lat' dir='ltr'>rapports</span> 
     </span>
     <span class='ocr_line' id='line_1_51' title="bbox 653 3011 736 3045; baseline 0.012 -1"><span class='ocrx_word' id='word_1_290' title='bbox 653 3011 736 3045; x_wconf 83' lang='lat' dir='ltr'>surus.</span> 
     </span>
    </p>

    <p class='ocr_par' dir='ltr' id='par_1_15' title="bbox 649 3061 1096 3255">
     <span class='ocr_line' id='line_1_52' title="bbox 684 3061 1093 3125; baseline 0.002 -16"><span class='ocrx_word' id='word_1_291' title='bbox 684 3068 719 3110; x_wconf 85' lang='lat'>10.</span> <span class='ocrx_word' id='word_1_292' title='bbox 738 3061 865 3123; x_wconf 80' lang='lat' dir='ltr'>Papaaos,</span> <span class='ocrx_word' id='word_1_293' title='bbox 880 3063 972 3125; x_wconf 79' lang='lat' dir='ltr'>oppose</span> <span class='ocrx_word' id='word_1_294' title='bbox 988 3063 1093 3118; x_wconf 70' lang='lat' dir='ltr'>apriles,</span> 
     </span>
     <span class='ocr_line' id='line_1_53' title="bbox 649 3125 1096 3192; baseline 0.002 -18"><span class='ocrx_word' id='word_1_295' title='bbox 649 3125 752 3190; x_wconf 75' lang='lat' dir='ltr'>designa</span> <span class='ocrx_word' id='word_1_296' title='bbox 764 3127 800 3175; x_wconf 88' lang='lat' dir='ltr'>les</span> <span class='ocrx_word' id='word_1_297' title='bbox 812 3125 937 3176; x_wconf 84' lang='lat' dir='ltr'>habitants</span> <span class='ocrx_word' id='word_1_298' title='bbox 946 3126 980 3175; x_wconf 90' lang='lat' dir='ltr'>du</span> <span class='ocrx_word' id='word_1_299' title='bbox 993 3142 1052 3192; x_wconf 81' lang='lat' dir='ltr'>pays</span> <span class='ocrx_word' id='word_1_300' title='bbox 1064 3143 1096 3176; x_wconf 90' lang='lat' dir='ltr'>en</span> 
     </span>
     <span class='ocr_line' id='line_1_54' title="bbox 650 3190 758 3255; baseline 0 -15"><span class='ocrx_word' id='word_1_301' title='bbox 650 3190 758 3255; x_wconf 73' lang='lat' dir='ltr'>general.</span> 
     </span>
    </p>

    <p class='ocr_par' dir='ltr' id='par_1_16' title="bbox 649 3255 1096 3379">
     <span class='ocr_line' id='line_1_55' title="bbox 684 3255 1096 3315; baseline 0.005 -11"><span class='ocrx_word' id='word_1_302' title='bbox 684 3263 737 3304; x_wconf 73' lang='lat' dir='ltr'>u.</span> <span class='ocrx_word' id='word_1_303' title='bbox 758 3265 778 3305; x_wconf 95' lang='lat'>1.</span> <span class='ocrx_word' id='word_1_304' title='bbox 798 3257 917 3315; x_wconf 71' lang='lat' dir='ltr'>Dextrae,</span> <span class='ocrx_word' id='word_1_305' title='bbox 937 3255 1004 3305; x_wconf 79' lang='lat' dir='ltr'>deux</span> <span class='ocrx_word' id='word_1_306' title='bbox 1016 3256 1096 3306; x_wconf 88' lang='lat' dir='ltr'>mains</span> 
     </span>
     <span class='ocr_line' id='line_1_56' title="bbox 649 3319 957 3379; baseline 0.006 -11"><span class='ocrx_word' id='word_1_307' title='bbox 649 3319 681 3368; x_wconf 89' lang='lat' dir='ltr'>de</span> <span class='ocrx_word' id='word_1_308' title='bbox 694 3321 785 3379; x_wconf 88' lang='lat' dir='ltr'>bronze</span> <span class='ocrx_word' id='word_1_309' title='bbox 798 3322 957 3370; x_wconf 85' lang='lat' dir='ltr'>entrelaoe&#39;es.</span> 
     </span>
    </p>

    <p class='ocr_par' dir='ltr' id='par_1_17' title="bbox 648 3386 1110 3568">
     <span class='ocr_line' id='line_1_57' title="bbox 682 3386 1093 3449; baseline 0.005 -14"><span class='ocrx_word' id='word_1_310' title='bbox 682 3394 703 3435; x_wconf 85' lang='lat'>2.</span> <span class='ocrx_word' id='word_1_311' title='bbox 724 3386 754 3434; x_wconf 85' lang='lat' dir='ltr'>Ia</span> <span class='ocrx_word' id='word_1_312' title='bbox 764 3389 944 3449; x_wconf 84' lang='lat' dir='ltr'>aqaalorcm—</span> <span class='ocrx_word' id='word_1_313' title='bbox 953 3389 1081 3448; x_wconf 80' lang='lat' dir='ltr'>compositi</span> <span class='ocrx_word' id='word_1_314' title='bbox 1085 3425 1093 3445; x_wconf 91' lang='lat'><em>‚</em></span> 
     </span>
     <span class='ocr_line' id='line_1_58' title="bbox 649 3451 1110 3502; baseline 0.004 -2"><span class='ocrx_word' id='word_1_315' title='bbox 649 3467 707 3500; x_wconf 77' lang='lat' dir='ltr'>arec</span> <span class='ocrx_word' id='word_1_316' title='bbox 727 3451 771 3500; x_wconf 90' lang='lat' dir='ltr'>des</span> <span class='ocrx_word' id='word_1_317' title='bbox 783 3456 917 3501; x_wconf 80' lang='lat' dir='ltr'>vetaments</span> <span class='ocrx_word' id='word_1_318' title='bbox 936 3451 968 3500; x_wconf 89' lang='lat' dir='ltr'>de</span> <span class='ocrx_word' id='word_1_319' title='bbox 984 3451 1052 3502; x_wconf 88' lang='lat' dir='ltr'>deuii</span> <span class='ocrx_word' id='word_1_320' title='bbox 1071 3462 1110 3502; x_wconf 74' lang='lat' dir='ltr'>et&#39;</span> 
     </span>
     <span class='ocr_line' id='line_1_59' title="bbox 648 3517 983 3568; baseline 0.006 -3"><span class='ocrx_word' id='word_1_321' title='bbox 648 3532 698 3565; x_wconf 89' lang='lat' dir='ltr'>une</span> <span class='ocrx_word' id='word_1_322' title='bbox 710 3526 862 3567; x_wconf 85' lang='lat' dir='ltr'>contenance</span> <span class='ocrx_word' id='word_1_323' title='bbox 874 3517 983 3568; x_wconf 85' lang='lat' dir='ltr'>abattue.</span> 
     </span>
    </p>
   </div>
   <div class='ocr_carea' id='block_1_6' title="bbox 0 0 1178 3922">
    <p class='ocr_par' dir='ltr' id='par_1_18' title="bbox 0 0 1178 3922">
     <span class='ocr_line' id='line_1_60' title="bbox 0 0 1178 3922; baseline 0 2"><span class='ocrx_word' id='word_1_324' title='bbox 0 0 1178 3922; x_wconf 95' lang='lat' dir='ltr'> </span> 
     </span>
    </p>
   </div>
  </div>
 </body>
</html>
