2346 3922
112 188 173 253 276
337 205 484 250 ooauann
504 205 606 251 rncxrr
625 201 840 251 msroamaun

111 337 199 396 fessis
215 337 324 414 patriae
338 340 430 412 atque
445 339 502 396 otii
518 337 691 414 cupidinem
706 352 786 407 esse;
810 335 837 396 si
853 350 945 395 nemo
961 333 1055 392 obsis·

111 440 207 508 teret,
232 437 392 495 innoxium
405 434 468 495 iter
488 436 570 508 fore,
594 438 641 497 sin
657 453 744 495 arma
764 435 946 504 occurrant,
973 431 1055 491 ferro

69 538 72 543 '
111 538 195 594 viam
211 537 401 595 inventuros.
433 526 634 596 Cunctantem
648 535 784 611 legatum
809 531 927 590 milites
946 546 1055 606 perpu-

112 634 214 693 lerant
235 632 389 691 iortunam
404 633 506 707 proelii
524 633 728 709 experiretur.
754 630 829 690 Tria
843 629 946 688 millia
963 628 1055 704 legio·

113 736 269 793 uariorum
284 737 315 793 et
329 732 558 792 tumultuariae³
577 730 760 806 Belgarum⁴
786 730 945 797 cohortes,
964 722 1055 786 simul

112 846 303 905 paganorum
327 828 521 902 lixarumque
536 826 650 901 ignava
671 826 723 884 sed
742 845 857 904 procax
881 830 956 886 anto
975 825 1053 902 peri·

113 928 214 985 culum
230 944 337 985 manus
354 925 494 984 omnibus
514 924 613 999 portis
630 927 849 1000 prorumpunt,
867 927 902 982 ut
918 925 1054 983 Batavos

113 1041 239 1082 numero
266 1025 398 1099 impares
423 1021 678 1083 circumfundant.
704 1021 754 1080 Illi
768 1020 908 1079 veteres⁵
934 1019 1054 1077 militiae

114 1125 145 1180 in
172 1140 283 1181 cuneos
308 1122 544 1198 congregantur,
573 1121 659 1178 densi
684 1119 817 1194 undique
846 1121 878 1177 et
902 1117 1054 1177 frontem⁶

112 1224 260 1296 tergaque
275 1238 310 1278 ao
332 1221 414 1278 latus
434 1219 512 1289 tuti;
541 1219 585 1277 sic
609 1221 732 1282 tenuem
757 1218 934 1275 nostrorum
959 1217 1055 1275 aciem

112 1320 319 1395 perfringunt.
337 1318 521 1378 dedentibus
538 1316 642 1392 Belgis
653 1317 780 1393 pellitur
790 1316 883 1391 legio,
897 1319 930 1374 et
940 1316 1056 1375 vallum

112 1421 276 1494 portasque
297 1416 411 1492 trepidi
431 1417 588 1492 petebant.
618 1417 665 1474 Ibi
686 1415 852 1492 plurimum
867 1415 982 1486 cladis,
1007 1432 1056 1472 cn-

113 1515 236 1572 mulatae
262 1513 439 1588 corporibus
464 1513 566 1584 fossae,
595 1532 650 1571 nec
664 1513 745 1572 caede
759 1516 882 1572 tantum
904 1515 939 1572 et
950 1513 1055 1572 vulne·

113 1613 213 1681 ribus,
245 1612 297 1670 sed
326 1613 435 1670 ruina⁷
464 1615 495 1671 et
524 1613 588 1671 suis
622 1612 760 1688 plerique
788 1611 861 1670 telis
896 1611 1055 1671 interiere.

113 1712 270 1781 Victores,
293 1710 412 1769 colonia
426 1710 699 1785 Agrippinensium
713 1709 830 1777 vitata,
853 1708 934 1768 nihil
955 1711 1056 1767 cetero

114 1810 146 1866 in
162 1810 274 1867 itinere
289 1809 400 1868 hostile
415 1810 499 1890 ausi,
516 1808 678 1879 Bonnense
692 1807 835 1884 proelium
850 1806 1053 1875 excusabant,

108 1908 289 1982 'tamquam⁸
307 1908 405 1982 petita
420 1923 508 1982 pace,
532 1910 694 1983 postquam
709 1905 910 1980 negabatur⁹,
933 1904 1058 1965 sibimet

115 2004 174 2078 ipsi
196 2003 432 2063 consuluissent.
481 1993 492 2023 ⁶

155 2108 206 2166 21.
231 2107 341 2166 Civilis
366 2108 500 2167 adventu
525 2112 740 2167 veteranarum
765 2107 938 2167 cohortium
958 2106 1058 2182 justi¹

109 2203 175 2279 jam
201 2207 355 2266 exercitus
383 2206 501 2277 ductor,
530 2209 581 2267 sed
607 2207 728 2267 consilii
753 2207 916 2282 ambiguus
941 2205 1059 2264 etnim

114 2305 285 2362 Romanam
314 2308 476 2380 reputatae,
508 2306 633 2364 cunctos
662 2304 715 2380 qui
743 2304 873 2363 aderant
902 2303 934 2360 in
963 2301 1060 2361 verba

114 2397 317 2479 Vespasiani²
336 2404 435 2480 adigit
453 2406 610 2482 mittitque
631 2405 749 2481 legatos
768 2403 806 2461 ad
826 2403 901 2461 duas
920 2401 1059 2478 legiones

114 2522 181 2578 quae
196 2506 298 2580 priore
319 2506 384 2564 acie
405 2502 500 2581 pulsae
522 2503 553 2560 in
568 2503 683 2562 Vetera
701 2503 802 2560 castra
823 2499 1056 2566 concesserant,

113 2603 149 2659 ut
160 2601 240 2659 idem
255 2604 478 2661 sacramentum
492 2591 677 2676 acciperent.
692 2598 844 2658 Redditur
857 2612 1055 2671 responsum:

116 2716 212 2774 neque
237 2700 403 2775 proditoris
424 2718 521 2776 neque
540 2700 674 2758 hostium
700 2714 732 2757 se
747 2696 884 2756 consiliis
898 2696 962 2765 uti;
991 2710 1058 2754 esse

147 2858 168 2899 3.
192 2852 386 2912 Tumultuom'ae,
407 2855 488 2904 leudes
505 2856 519 2903 d
536 2855 560 2904 la
643 2860 665 2900 t.
684 2852 785 2911 Ruina,
801 2866 846 2916 par
859 2850 915 2899 leur
926 2849 1012 2898 chutc.

116 2916 182 2965 hate.
643 2925 665 2967 8.
688 2919 838 2981 Tamquam,
868 2930 900 2964 en
929 2915 1058 2980 alleguant

147 2989 169 3031 4.
189 2983 334 3045 Belgarum.
345 2983 379 3032 Ge
391 2993 447 3033 sont
458 2986 494 3035 les
503 2987 561 3034 Ner·
629 2999 669 3033 ue.
677 2984 706 3032 V.
719 2980 889 3048 l'explication
899 2981 934 3030 du
943 2990 1004 3041 mot,
1018 2996 1056 3046 gr.

115 3046 184 3096 tiens
196 3057 221 3096 et
240 3049 276 3096 les
288 3049 413 3113 Tongres,
435 3051 496 3100 dont
511 3050 528 3100 il
547 3066 561 3099 a
611 2999 642 3098 He
654 3049 712 3103 Tac.
727 3055 777 3098 130.

115 3115 154 3160 e'te
168 3112 283 3176 question
296 3115 353 3178 plus
366 3115 433 3163 haut.
643 3121 665 3162 9.
677 3106 1059 3177 Negabatur.L'imparfaitmar·

148 3185 170 3227 5.
192 3179 299 3237 Veteres,
314 3195 371 3229 arec
384 3181 407 3230 le
420 3180 517 3246 ge'nitii.
530 3181 559 3231 V.
612 3195 717 3244 queunc
729 3177 856 3231 situation.
871 3179 899 3228 V.
908 3177 995 3228 Gantr.
1005 3183 1056 3234 137,

116 3259 153 3307 gr.
168 3243 200 3292 de
214 3244 271 3292 Tac.
286 3252 323 3292 31.
612 3254 639 3305 2,
653 3261 714 3294 rem.
728 3252 750 3293 2.

148 3315 171 3356 6.
190 3309 438 3369 Frontem—latus,
462 3326 560 3360 accusa·
646 3318 699 3358 n.
720 3305 1057 3374 1.tusms,regulier‘,ueri-

116 3372 157 3422 tiis
173 3372 353 3423 determinatifs
370 3376 412 3441 (ou
430 3378 517 3444 grecs).
532 3378 560 3426 V.
612 3375 689 3424 table.

117 3455 153 3503 gr.
167 3437 198 3488 dc
211 3439 268 3490 Tac.
289 3447 325 3488 20.
645 3449 667 3491 2.
685 3440 778 3506 adigit.
791 3439 820 3491 V.
834 3438 866 3500 ll,
882 3446 918 3500 ll,
932 3447 991 3489 note
1002 3445 1027 3490 2.
