2346 3922
317 227 408 276 amun
428 229 471 278 rr.
496 234 564 277 cnr.
589 214 722 279 50-52.
938 212 1000 280 309

62 362 191 436 tumque
210 363 244 419 ut
258 361 375 436 legatos
395 363 433 421 ad
449 366 588 422 senatum
609 365 746 425 mitteret
762 370 793 426 et
814 385 919 444 pacem
934 386 1000 426 esse

61 461 168 534 sciret.
191 461 396 536 Vespasianus
421 462 453 520 in
479 463 601 520 Italiam
622 480 730 540 resque
756 467 841 524 urbis
863 467 1000 526 intentus

61 561 225 619 adversam
245 559 281 617 de
301 559 477 619 Domitiano
498 560 610 620 famam
624 563 753 638 accipit,
770 567 926 640 tamquam
940 568 1000 623 ter-

61 659 163 717 minos
191 658 293 717 aetatis
327 660 358 716 et
386 676 527 719 concessa
550 659 614 718 filio
642 661 868 737 egredereturi.
899 664 1001 738 Igitur

60 756 285 823 validissimam
305 755 457 815 exercitus
476 760 594 833 partem
613 759 684 818 Tito
704 760 800 818 tradit
821 760 860 818 ad
880 760 1000 835 reliqua

60 857 187 927 „Iudaici
200 854 293 914 belli⁷
307 857 521 932 perpetranda.

64 1032 66 1037 Ι
103 959 155 1019 52.
178 959 298 1026 Titum,
332 960 496 1033 antequam
524 958 754 1034 digrederetur,
784 960 886 1018 multo
918 961 999 1036 apud

56 1059 180 1132 patrem
200 1072 339 1114 sermone
357 1072 460 1114 orasse
480 1055 586 1114 ferunt
606 1073 644 1114 ne
666 1058 900 1117 criminantium
923 1077 999 1118 nun·

56 1155 116 1226 tiis
136 1157 250 1212 temere
271 1153 498 1222 accenderetur,
523 1154 756 1229 integrumque¹
782 1173 814 1214 se
839 1175 874 1214 ac
899 1156 998 1234 placa·

58 1253 155 1311 bilem
165 1253 229 1312 fflio
243 1255 415 1329 praestaret.
429 1253 499 1312 Non
515 1252 662 1326 legiones,
677 1271 738 1311 non
749 1254 861 1313 classes
872 1257 998 1330 perinde

56 1351 150 1411 firma
164 1352 286 1429 imperii
306 1351 495 1409 munimenta
520 1367 611 1424 quam
633 1367 792 1409 numerum
813 1352 995 1422 liberorum

57 1467 133 1511 nam
146 1452 259 1509 amicos
279 1453 432 1525 tempore,
455 1449 595 1518 fortuna,
620 1449 815 1524 cupidinibus
834 1449 997 1525 aliquando

55 1550 116 1608 aut
150 1549 304 1608 erroribus
332 1548 489 1616 imminui.
517 1549 698 1619 transferri,
727 1551 881 1620 desinere;
910 1544 997 1609 suum

56 1646 171 1720 cuique
191 1646 370 1720 sanguinem
392 1647 591 1706 indiscretum
599 1649 620 1716 2,
650 1648 701 1707 sed
727 1649 860 1707 maxime
884 1649 996 1725 princi-

56 1745 167 1821 pibus,
188 1761 316 1819 quorum
337 1746 493 1822 prosperis
511 1747 542 1804 et
561 1746 615 1804 alii
636 1743 790 1816 fruantur,
815 1749 944 1807 adversa
958 1749 996 1807 ad

51 1844 268 1920 junctissimos
287 1846 474 1920 pertineant.
502 1844 551 1903 Ne
575 1844 725 1903 fratribus
749 1846 892 1920 quidem³
913 1864 994 1910 man·

55 1959 163 2000 suram
188 1943 395 2011 concordiam,
417 1942 450 2000 ni
471 1959 583 2017 parens
602 1943 775 2016 exemplum
801 1944 993 2018 praebuisset.

55 2042 267 2117 Vespasianus
292 2041 373 2099 haud
398 2058 483 2116 aeque
519 2040 694 2098 Domitiano
720 2037 880 2111 mitigatus
905 2055 996 2112 quam

58 2138 125 2199 Titi
141 2139 256 2214 pietate
271 2141 421 2214 gaudens,
439 2140 517 2197 bono
533 2157 598 2197 esse
614 2136 835 2212 animobjubet
856 2136 996 2210 belloque

58 2240 91 2296 et
102 2238 196 2295 armis
210 2236 439 2313 rempublicam
453 2236 613 2305 attollere;
628 2236 687 2295 sibi
699 2254 804 2313 pacem
815 2236 996 2309 domumque

57 2351 141 2393 curae
159 2334 235 2394 fore.
256 2336 334 2394 Turn
355 2333 530 2391 celerrimas
552 2333 677 2404 navium
698 2333 851 2391 frumento
870 2333 1009 2390 onustas.

57 2450 141 2494 saevo
156 2434 254 2492 adhuc
273 2434 351 2492 mari
369 2433 545 2491 committit.
570 2431 689 2506 Quippe
708 2431 796 2487 tanto
819 2428 995 2487 discrimine

57 2531 133 2592 urbs
148 2519 288 2591 'nutabat
312 2534 347 2590 ut
372 2531 475 2589 decem
499 2527 580 2588 haud
611 2527 762 2603 amplius⁵
784 2526 902 2584 dierum
932 2526 994 2584 fru-

13 2647 16 2653 ·
53 2632 194 2688 'mentum
210 2630 242 2688 in
258 2629 375 2688 horreis
393 2627 501 2695 fuerit,
520 2643 588 2684 cum
609 2642 628 2683 a
643 2625 832 2700 Vespasiano
847 2641 993 2697 commea·

56 2731 109 2791 tus
124 2729 303 2790 subvenere.

91 2867 114 2910 6.
130 2861 267 2926 Tamquam
281 2890 314 2900 -—
333 2863 500 2926 epredcretur,
552 2863 581 2909 ot
603 2874 627 2907 se
650 2858 774 2922 inteprum
796 2857 855 2924 (non
875 2856 995 2924 pre'uenu)

57 2925 102 2992 qui
111 2928 210 2986 sociali,
223 2927 402 2988 dlsaiton‚dcs
412 2928 502 2978 bernes
550 2931 691 2987 prestaret.

56 2993 189 3057 prescribes
200 2997 215 3042 a
226 3009 271 3043 son
285 2997 338 3059 ego.
349 2994 377 3043 V.
391 2992 499 3058 l'explic.
585 2997 606 3038 2.
626 2991 791 3039 indiscretum
810 3011 843 3031 =
862 2991 993 3052 insopora-

56 3058 89 3107 de
101 3066 228 3122 tamquam
240 3075 276 3124 gr.
287 3059 318 3108 de
330 3059 387 3108 Tac.
400 3065 412 3118 5
425 3066 474 3108 130.
551 3055 632 3103 bilem.

91 3154 114 3195 7.
132 3148 234 3198 ludoici
262 3148 326 3196 belli.
360 3148 406 3197 Les
437 3148 500 3199 Juifs
584 3128 606 3169 3·
625 3120 826 3198 Ne‘qmdem!
841 3121 968 3185 mpla*

55 3211 169 3262 s'dtaienl
178 3212 282 3263 re'volle‘s
291 3228 348 3262 sous
357 3214 447 3273 Neron,
458 3214 500 3279 qui
582 3192 605 3234 4·
616 3186 692 3260 .B⁰”⁰
710 3201 759 3234 ⁰⁸⁸³
775 3201 871 3245 ‘mmm’
890 3202 916 3235 ⁸0
929 3196 993 3235 ‘ran‘

54 3277 162 3343 charges
184 3277 316 3342 Vespasien
337 3279 368 3327 de
390 3280 426 3328 les
447 3296 501 3329 sou·
551 3251 710 3364 qumffer’lsf’
722 3266 839 3301 44444444·
958 3318 965 3365 l

55 3353 153 3392 mettre.
164 3343 276 3400 Calui-ci,
289 3344 337 3392 ala
346 3345 460 3395 nouvelle
470 3345 501 3394 de
583 3324 614 3428 ⁵21
637 3332 679 3378 ΜΡ
690 3331 741 3373 Μ’
755 3327 948 3382 ³⁰⁰⁰mp³g¹¹³¹¹¹
967 3334 993 3366 ⁰⁸

54 3408 502 3473 lamorldel'empereur,avaitinter—
551 3397 575 3430 η’
616 3381 765 3439 44444444
788 3397 813 3431 ⁵⁰
834 3383 918 3431 444444
936 3384 992 3446 p¹¹¹⁸

29 3506 32 3515 Ι
54 3489 144 3539 mmpu
164 3475 200 3524 les
208 3474 348 3538 opdrations
359 3475 390 3524 de
402 3491 499 3540 guerre·
550 3455 660 3520 souvent·
671 3461 727 3496 sans
739 3462 822 3510 quum,
843 3456 867 3495 et
879 3446 992 3498 n'exerce

550 3526 647 3560 aucune
654 3509 777 3560 influence
784 3527 827 3560 sur
834 3512 858 3560 la
867 3521 992 3562 construe-

90 3577 145 3622 Η.
167 3580 188 3622 1.
207 3571 448 3638 Inteprnmquc...=
458 3574 502 3624 sed
549 3576 612 3631 tion.
623 3577 655 3631 V.
667 3576 967 3640 Gantmlt'laemb.
