2346 3922
157 230 218 290 280

157 377 300 443 conatae,
323 373 436 432 adsciri
456 375 488 432 in
504 375 683 434 societatem
698 377 877 434 Germanos.
904 373 975 434 Non
996 374 1099 435 Primi

157 474 285 534 Antonii
307 491 404 548 neque
419 474 556 532 Muciani
573 491 628 550 ope
643 473 866 548 Vespasianum
881 474 981 548 magis
997 473 1099 533 adole·

157 575 268 632 visset.
296 574 412 649 Aperta
427 572 497 630 odia
517 589 662 647 armaque
683 572 785 648 palam
806 570 935 646 depelli;
958 570 1100 630 fraudem

157 674 188 730 et
213 671 314 730 dolum
340 671 469 728 obscura
493 688 588 745 eoque
614 649 818 729 inevitabilia.
854 669 985 728 Civilem
1016 672 1099 728 stare

157 772 280 837 contra,
312 769 431 825 struere
460 768 578 836 aciem3
610 767 819 825 Hordeonium
850 784 866 824 e
895 767 1039 825 cubiculo
1068 769 1099 826 et

157 867 269 926 lectulo
289 865 399 941 jubere
421 864 568 940 quidquid
590 865 671 923 hosti
692 864 858 933 conducat;
886 866 934 923 tot
962 867 1098 923 armatas

158 965 394 1025 fortissimorum
416 963 554 1021 virorum
575 980 682 1021 manus
704 963 794 1021 unius
813 964 897 1022 senis
917 963 1097 1022 valetudine

158 1065 235 1140 regi.
255 1065 334 1128 Quin
349 1064 451 1138 potius
470 1059 632 1118 interiecto
652 1059 810 1135 proditore
828 1059 985 1118 fortunam
998 1060 1096 1118 virtu-

157 1166 279 1238 temque
300 1179 385 1221 suam
405 1158 486 1218 malo
507 1158 607 1216 omine
633 1159 858 1217 exsolverent³.
886 1158 944 1217 His
967 1159 1051 1217 inter
1065 1176 1096 1217 se

157 1260 283 1318 vocibus
299 1259 461 1316 instinctos
475 1257 670 1315 flammavere
686 1256 811 1332 insuper
825 1255 928 1314 allatae
949 1275 968 1314 a
981 1258 1095 1333 Vespa-

158 1359 244 1417 siano
258 1357 389 1424 litterae,
407 1372 482 1430 quas
497 1354 640 1423 Flaccus,
658 1355 731 1429 quia
746 1353 893 1412 occultari
910 1355 1094 1430 nequibant,

157 1475 212 1533 pro
233 1456 375 1514 contione
396 1454 555 1522 recitavit,
578 1452 759 1527 vinctosque
784 1451 837 1526 qui
865 1452 1038 1511 attulerant
1059 1453 1097 1511 ad

158 1555 319 1616 Vitellium
339 1554 434 1614 misit.

199 1653 249 1714 25.
275 1653 326 1710 Sic
346 1650 498 1727 mitigatis
518 1649 630 1708 animis
651 1650 805 1718 Bonnam,
829 1649 961 1706 hiberna
986 1648 1094 1726 primae

158 1753 305 1827 legionis,
322 1753 460 1809 ventum.
489 1748 642 1807 Infensior
663 1748 727 1806 illic
742 1747 849 1806 milesl
865 1746 985 1823 culpam
1002 1748 1097 1807 cladis

158 1851 190 1907 in
206 1849 414 1907 Hordeonium
425 1849 582 1906 vertebat:
601 1847 667 1923 ejus
676 1847 765 1923 jussu
777 1847 930 1906 derectam
946 1847 1095 1906 adversus

157 1949 291 2006 Batavos
306 1947 420 2017 aciem,
441 1947 616 2021 tamquam²
637 1963 655 2002 a
676 1945 871 2020 Mogontiaco
892 1943 1030 2020 legiones
1051 1963 1095 2003 se·

157 2048 341 2122 querentur;
366 2043 500 2120 ejusdem
515 2044 689 2121 proditione
704 2060 813 2113 caesos,
838 2043 931 2101 nullis
953 2061 1096 2120 superve-

158 2143 314 2200 nientibus
344 2141 492 2210 auxiliis,
524 2141 631 2215 ignota
659 2141 723 2198 haec
748 2141 858 2199 ceteris
888 2141 1094 2212 exercitibus,

158 2257 254 2314 neque
274 2238 453 2314 imperatori
476 2256 529 2297 suo
546 2239 700 2308 nuntiari,
729 2257 797 2297 oum
821 2257 949 2299 accursu
964 2243 1013 2300 tot
1027 2259 1096 2316 pro-

157 2336 329 2394 vinciarum
345 2336 485 2410 extingui
501 2338 629 2412 repens³
648 2335 777 2412 perfidia
790 2339 937 2413 potuerit.
962 2339 1097 2397 Hordeo-

158 2434 228 2493 nius
265 2433 471 2510 exemplares⁴
508 2436 642 2494 omnium
678 2435 869 2507 litterarum,
902 2437 1014 2512 quibus
1042 2456 1100 2514 per

104 2576 109 2599 ,
159 2531 275 2589 Gallias
297 2530 550 2607 Britanniamque
575 2534 606 2590 et
631 2533 798 2608 Hispanias
823 2533 942 2592 auxilia
969 2535 1095 2604 orabat,

158 2630 309 2688 exercitui
330 2630 476 2687 recitavit
497 2629 694 2704 instituitque
715 2630 880 2705 pessimum
895 2629 1044 2701 facinus⁵‚
1064 2635 1099 2690 ut

158 2727 296 2805 epistolae
317 2728 490 2802 aquiliferis
505 2728 659 2804 legionum
673 2729 880 2798 traderentur,
898 2746 917 2786 a
939 2729 1007 2804 quis
1026 2732 1099 2789 ante

158 2826 251 2884 militi
281 2844 373 2901 quam
402 2826 529 2884 ducibus
556 2825 749 2898 legebantur.
783 2827 859 2884 Tum
889 2842 905 2882 e
934 2825 1099 2885 seditionis

377 243 521 287 CORNELII
541 243 642 287 'unam
661 241 874 287 HISTORIARUM
951 268 953 272 =

191 2980 212 3020 2.
236 2971 425 3033 Non-necpis
448 2970 598 3027 adolevisse,

158 3036 241 3086 n'etait
253 3052 296 3100 pas
309 3035 396 3102 grandi
408 3035 552 3099 davaittage.

190 3111 211 3152 3.
231 3104 299 3163 Quin
314 3104 476 3151 exsolverent.
496 3101 561 3149 Dens
578 3098 601 3147 le

157 3167 269 3217 discours
285 3167 378 3225 direct,
401 3182 433 3215 on
452 3165 525 3214 diruit
540 3168 601 3228 quin

156 3236 313 3282 resolvimus.
324 3234 352 3283 V.
367 3230 474 3296 l'explic.
486 3231 517 3280 de
529 3234 599 3293 quin,

157 3300 241 3349 Gantr.
258 3307 310 3355 151,
326 3305 348 3355 3,
362 3313 421 3346 rem.

183 3362 246 3414 ss.
266 3372 286 3413 1.
300 3363 354 3412 lttic
368 3364 447 3411 mites.
467 3360 600 3411 L'adverbe

157 3428 240 3493 ajoute
271 3445 319 3477 une
349 3427 540 3477 determination
568 3443 599 3476 au

150 3494 312 3548 substantii:
341 3495 377 3546 les
404 3493 497 3545 soldats
521 3493 599 3560 quiq

651 2966 797 3034 campeient.
816 2968 844 3017 V.
863 2983 899 3032 gr.
918 2966 949 3016 de
967 2969 1025 3019 Tac.
1046 2976 1097 3019 101.

683 3041 704 3083 2.
727 3035 875 3097 Tunequnm,
895 3033 956 3082 dans
972 3034 994 3082 ln
1007 3051 1100 3100 suppo-

650 3098 722 3147 sition
741 3114 799 3163 quc.
821 3100 849 3148 V.
864 3114 901 3162 gr.
920 3097 952 3147 de
964 3100 1022 3149 Tac.
1046 3108 1097 3150 130.

682 3171 704 3214 3.
724 3165 833 3227 Repetas,
848 3167 957 3222 re'ccute,
970 3167 1022 3215 isa
1034 3166 1099 3216 nais-

650 3245 732 3279 sance.

681 3304 703 3345 4.
723 3295 1097 3359 Escmptaresouesemptarte,

649 3361 741 3426 copies.

682 3435 703 3476 5.
727 3427 839 3475 Instituit
866 3426 985 3542 garinus,
1021 3425 1100 3478 intro-

650 3491 762 3541 duisitce
769 3491 864 3541 detesto
883 3493 907 3540 le
916 3491 1099 3557 procedede...
