2346 3922
390 275 480 319 umus
500 276 522 320 1.
547 275 613 317 cer.
638 256 770 316 82-84.
1009 255 1046 314 81

114 408 218 465 acrius
228 422 320 481 quam
331 405 540 464 considerate⁶
555 403 721 474 excitarim
736 421 805 462 nam
816 421 896 480 saepe
907 405 1050 462 honestas

114 523 219 564 rerum
233 521 356 573 causas,
381 505 413 561 ni
426 502 574 578 judicium
588 503 751 570 adhibeas,
768 503 933 577 perniciosi
949 502 1050 559 exitus

115 605 355 677 consequuntur.
384 603 465 660 Imus
490 601 528 658 ad
550 599 673 658 bellum.
705 600 787 658 Num
807 616 910 658 omnes
926 599 1051 657 nuntios

117 700 219 775 palam
229 698 346 767 audiri,
364 698 466 755 omnia
477 695 607 755 consilia
622 696 742 754 cunctis
756 697 958 770 praesentibus
973 699 1051 754 trac·

117 798 179 856 tari
204 798 286 854 ratio
310 813 413 855 rerum
434 798 489 854 aut
510 795 703 852 occasionum
725 793 892 852 velocitas⁷
912 793 1052 868 patiturl

117 897 194 953 Tam
214 895 333 952 nescire
352 893 488 968 quaedam
503 892 618 950 milites
639 909 730 967 quam
751 892 830 949 scire
850 895 990 966 oportet:
1009 892 1053 949 ita

118 1010 151 1050 se
171 993 282 1050 ducum
302 992 485 1059 auctoritas,
514 991 558 1048 sic
583 991 668 1064 rigor
692 989 863 1064 disciplinae
888 991 994 1059 habet,
1019 992 1053 1047 ut

117 1090 215 1148 multa
243 1091 337 1148 etiam
362 1088 556 1147 centuriones
584 1088 784 1162 tribunosque
808 1091 929 1144 tantum
949 1087 1054 1162 juberi

119 1189 273 1263 expediat.
305 1189 354 1257 Si,
375 1186 617 1261 curjubeantur‚
639 1203 774 1260 quaerere
796 1184 926 1260 singulis
944 1184 1052 1253 liceat,

118 1291 266 1364 pereunte
287 1289 430 1363 obsequio
449 1288 543 1345 etiam
561 1287 724 1362 imperium
743 1287 911 1344 intercidit.
933 1287 1003 1350 An⁸
1024 1289 1056 1344 et

119 1386 202 1443 illic⁹
217 1388 306 1443 nocte
321 1385 504 1460 intempesta
512 1385 535 1423 ¹⁰
547 1384 708 1459 rapientur
718 1385 823 1442 armat
846 1401 924 1441 unus
935 1383 1054 1441 alterve

119 1484 258 1558 perditus
276 1502 313 1541 ac
331 1483 515 1542 temulentus
536 1483 642 1557 (neque
663 1483 745 1539 enim
764 1482 866 1557 plures
881 1486 1055 1539 consterna·

121 1583 235 1639 tione¹l
255 1582 395 1656 proxima
410 1581 562 1638 insanisse
577 1581 759 1638 crediderim
769 1583 800 1655 ¹²)
817 1579 1007 1638 centurionis
1022 1598 1058 1636 ac

119 1681 239 1738 tribuni
258 1680 408 1754 sanguine
426 1696 534 1737 manus
554 1679 684 1748 imbuet,
708 1679 903 1754 imperatoris
925 1679 972 1735 sui
991 1681 1056 1735 ten-

121 1780 236 1838 torium
256 1779 425 1854 irrumpet?
441 1799 458 1834 »

161 1889 214 1948 84.
242 1889 335 1949 «Vos
348 1889 470 1964 quidem
485 1889 566 1948 istud
583 1906 638 1963 pro
653 1888 736 1944 me¹:
754 1886 805 1944 sed
821 1886 852 1942 in
868 1885 1006 1942 discursu
1022 1901 1058 1941 ac

122 1988 259 2046 tenebris
275 1991 305 2045 et
324 2005 425 2045 rerum
440 1988 575 2045 omnium
590 1983 766 2042 confusione
781 1981 919 2056 patefieri
939 1981 1057 2038 occasio

123 2087 216 2146 etiam
241 2086 388 2144 adversus
409 2103 458 2143 me
482 2086 592 2159 potest.
619 2083 652 2141 Si
667 2079 795 2141 Vitellio
821 2082 852 2137 et
872 2078 1058 2138 satellitibus

122 2185 189 2260 ejus
214 2184 348 2258 eligendi
387 2181 517 2240 facultas
542 2182 633 2239 detur
661 2197 750 2254 quem
782 2178 870 2235 nobis
905 2178 1056 2244 animum,

124 2301 199 2358 quas
214 2285 330 2340 mentes
345 2282 562 2356 imprecemur,
587 2279 659 2354 quid
674 2278 758 2336 aliud
774 2295 863 2353 quam
880 2277 1060 2334 seditionem

123 2386 154 2441 et
175 2381 359 2440 discordiam
374 2379 539 2455 optabunt,
567 2395 606 2435 ne
627 2377 716 2435 miles
731 2375 921 2443 centurioni,
939 2392 977 2431 ne
992 2390 1059 2430 cen-

123 2481 207 2538 turio
227 2480 351 2538 tribuno
373 2479 569 2554 obsequatur,
593 2477 685 2534 hinc2
705 2474 823 2533 confusi
845 2474 962 2548 pedites
977 2471 1059 2547 equi·

124 2581 230 2654 tesque
249 2580 281 2636 in
296 2578 425 2636 exitium
447 2576 610 2634 ruamus³t
640 2573 781 2633 Parendo
803 2571 920 2647 potius,
938 2569 1058 2628 commi-

158 2743 181 2783 6.
200 2733 266 2784 C'est
277 2749 310 2782 nn
323 2732 414 2797 emploi
428 2731 569 2796 exception·
617 2732 641 2780 la
656 2729 734 2795 partie
746 2729 777 2776 dc
796 2728 819 2775 le
840 2725 893 2774 nuit
905 2728 936 2775 ou
954 2741 982 2774 ce
1000 2723 1062 2772 n'cst

126 2801 167 2850 nel
176 2801 210 2849 du
220 2799 307 2864 positif
317 2815 380 2864 pour
391 2800 414 2848 le
424 2796 571 2862 comparatis
618 2813 661 2862 pas
675 2797 697 2844 lc
712 2801 820 2844 moment
832 2791 917 2856 d'agir.

126 2868 316 2916 cosmideratiue.
652 2870 687 2910 ll.
707 2860 891 2911 Comtcrectio,
910 2854 1016 2904 trouble.

160 2957 182 2998 7.
202 2949 236 2997 La
254 2948 310 2996 hate
328 2962 377 3010 quc
397 2938 570 2994 commendent
653 2934 687 2974 1²·
707 2926 789 2999 ,Νθφῑθ
808 2923 969 2978 crediderim,
994 2918 1060 2995 {ubj-

126 3016 163 3063 les
172 3012 307 3063 occasions.
319 3012 481 3062 Occasionem
490 3019 527 3059 est
536 3025 570 3057 un
619 2991 738 3056 ΡΟῙθΠῑιρι
755 2990 860 3052 (Gfflffl‘w
875 2993 928 3043 ¹452
944 2992 980 3049 li*
996 3002 1022 3049 te
1032 3001 1063 3033 ¹¹0

127 3083 184 3145 gc'n.
195 3079 226 3127 dc
236 3079 260 3127 la
271 3093 353 3127 causo.
367 3076 405 3125 Gi.
414 3075 453 3124 ch.
463 3083 500 3132 62,
512 3091 536 3122 n.
547 3082 568 3122 1.
620 3055 712 3105 saurais
729 3054 815 3104 01'011'0·
930 3113 935 3130 ἱ
972 3115 977 3126 .

161 3169 184 3210 8ι
197 3160 245 3209 An«
263 3160 290 3209 V·
302 3174 364 3223 pour
376 3157 399 3204 ,ο
414 3172 470 3205 sens
480 3153 574 3228 negatif
654 3128 708 3168 84.
728 3129 748 3169 l.
758 3121 810 3169 Pro
818 3132 865 3165 mc.
879 3117 908 3164 V.
919 3116 927 3163 l
937 3115 1023 3181 ellipse
1032 3115 1064 3164 de

129 3228 160 3276 de
180 3243 215 3276 aa
237 3235 262 3275 ct
285 3240 348 3288 pour
370 3223 394 3270 la
417 3221 570 3277 traduction,
621 3187 818 3300 sugeriifzgergss
830 3198 866 3295 ff
881 3181 913 3229 ‘1⁰
924 3180 952 3238 T,
968 3188 1018 3255 ,¹⁶²-

128 3295 331 3349 Gantr.‚1so‚7.
671 3288 676 3298 ·
765 3288 772 3308 ‚
840 3256 1009 3311 „passura

656 3325 677 3365 3.
697 3316 761 3365 Areo
773 3328 878 3363 retornus
896 3327 927 3360 on
945 3321 1063 3361 souscnt.

161 3383 184 3424 ⁹·
203 3376 268 3432 illic,
288 3372 350 3420 dans
368 3371 391 3419 ¹³
408 3384 504 3434 {tuelle-
622 3389 664 3439 ut,
680 3380 754 3446 qu'on
767 3379 813 3428 tire
831 3377 862 3426 dc
877 3376 900 3424 la
912 3376 1065 3440 proposition

162 3466 198 3507 lo.
217 3457 459 3514 Noctct'utcmpcstu,
481 3466 512 3498 au
532 3448 574 3498 mi·
624 3447 735 3512 negative
751 3462 781 3493 ac
796 3471 829 3481 -
847 3442 1003 3503 obsequatur.
1025 3440 1064 3490 el.

129 3524 179 3573 lieu
191 3524 223 3572 dc
232 3523 255 3571 la
269 3519 337 3580 nuit;
349 3517 407 3568 c'est
416 3523 574 3585 proprement
624 3512 663 3562 ch.
678 3521 704 3571 1,
718 3520 775 3560 note
789 3517 824 3559 17.

943 3599 969 3649 5.
