2346 3922
369 258 463 308 nmen,
480 258 515 302 11.
539 257 605 302 ose.
628 242 740 303 8—10.
988 242 1029 302 99

86 392 155 451 bus·
173 387 329 468 Cythnum
348 389 480 450 insulem
503 389 643 462 tenuit⁴;
671 407 726 450 nec
745 388 867 450 defuere
887 389 940 466 qui
953 389 1027 449 trie-

88 491 219 550 rarchos
246 490 370 549 nomine
397 489 531 550 Neronis
560 489 706 553 accirent.
738 490 769 549 Is
796 489 828 547 in
854 490 1029 549 maestitiam

91 586 280 662 compositus
300 585 440 646 attidem
464 602 589 645 suerum
613 585 765 662 quondam
789 586 922 645 militum
944 587 1028 644 invo-

91 695 182 752 cans,
199 685 234 741 ut
247 683 334 742 euml
348 682 382 741 in
397 682 490 758 Syria
504 685 559 742 aut
577 683 715 759 AEgypto
731 681 894 742 sisterent⁶
909 683 1027 742 orabat.

89 781 285 850 trierarchi,
301 782 446 840 nutantes
462 797 515 840 seu
531 781 616 851 dolo,
633 781 829 857 alloquendos
844 781 903 840 sibi
915 781 1029 840 milites

91 881 126 938 et
149 879 268 955 paratis
293 879 428 938 omnium
452 880 565 939 animis
592 897 770 939 reversuros
793 880 995 939 firmaverunt
1005 881 1026 938 ⁷.

90 976 154 1037 Sed
169 977 336 1053 Asprenati
350 979 461 1037 cuncta
480 994 520 1036 ex
537 977 596 1036 fide
616 978 773 1047 nuntiata,
790 977 877 1054 cujus
891 979 1028 1037 coborte-

90 1074 180 1135 tiene
192 1077 369 1151 expugnato
383 1075 472 1134 nevis
487 1078 519 1135 et
534 1074 712 1135 interfectus
727 1076 865 1152 quisquis
882 1075 935 1135 ille
950 1078 1026 1136 erat.

93 1171 209 1247 Caput,
227 1172 348 1246 insigne
363 1171 458 1231 oculis
479 1188 625 1247 comaque
644 1175 676 1230 et
693 1173 842 1232 torvitate
855 1172 973 1242 vultus,
997 1173 1029 1231 in

92 1268 201 1327 Asiam
220 1270 313 1343 atque
334 1268 548 1328 indeRomam
568 1271 746 1344 pervectum
760 1271 817 1329 est.

84 1395 91 1398 ·
137 1376 248 1436 10.1n
276 1376 403 1434 ciuitate
431 1376 564 1435 discordi
588 1378 619 1434 et
643 1376 681 1434 ob
707 1376 831 1435 crebras
856 1375 1029 1451 principum

93 1475 282 1536 mutationes
296 1475 379 1534 inter
392 1474 566 1534 libertatem
578 1492 614 1534 ae
628 1475 784 1533 licentiam
800 1474 917 1532 incerta
928 1490 1031 1550 parvae

94 1589 215 1649 quoque
224 1589 274 1631 res
287 1573 408 1646 magnis
421 1573 554 1631 motibus
568 1571 863 1648 agebantur.Vibius
875 1572 1028 1648 Crispus¹‚

94 1670 240 1746 pecunia,
267 1671 421 1746 potentia,
449 1671 574 1746 ingenio
598 1672 682 1730 inter
700 1672 798 1731 claros
816 1673 915 1746 magis
940 1690 1030 1747 quom

95 1771 179 1829 inter
198 1769 308 1838 bonos,
330 1770 466 1827 Annium
484 1771 633 1829 Faustum
652 1771 802 1846 equestris
823 1771 954 1839 ordinis‚
978 1770 1031 1844 qui

94 1867 284 1942 temporibus
298 1867 432 1926 Neronis
447 1866 615 1926 delationes
640 1867 852 1937 factitaverit,
875 1870 913 1928 ad
928 1869 1029 1943 cogni·

94 1966 229 2024 tionem²
248 1968 372 2023 senatus
391 1966 537 2036 vocabet3
561 1982 632 2024 nam
656 1967 773 2026 recenti
792 1967 897 2026 Galbae
918 1966 1030 2043 princi-

95 2066 171 2140 patu
197 2066 379 2124 censuerant
400 2065 503 2138 potres
523 2066 558 2122 ut
577 2067 789 2122 accusatorum
809 2081 908 2122 causae
929 2081 1030 2123 nosce-

96 2164 216 2220 rentur.
253 2160 288 2220 Id
317 2163 441 2219 senatus
469 2161 640 2220 consultum
673 2162 760 2220 varie
783 2160 954 2237 jactatum³
983 2165 1028 2231 et,

85 2262 188 2335 ¹prout
201 2261 309 2334 potens
324 2258 391 2317 vel⁴
407 2259 496 2334 inops
514 2276 584 2318 reus
603 2259 783 2328 incideratit
804 2259 959 2318 infirmum
977 2263 1032 2319 aut

94 2357 247 2427 validum,
270 2356 463 2415 retinebatur
482 2358 580 2416 adhuc
608 2357 731 2418 terrori.
765 2358 824 2417 Sed
844 2359 970 2434 propria
999 2359 1047 2416 vi'

95 2455 222 2531 Crispus
241 2455 422 2514 incubuerat
442 2454 608 2515 delatorem
622 2454 728 2514 fratris
744 2456 810 2514 sui⁶
824 2458 1028 2532 pervertere⁷‚

93 2556 294 2630 traxeratque
308 2569 451 2628 magnam
466 2555 590 2612 senatus
608 2555 727 2630 partem
748 2555 782 2612 ut
797 2554 986 2613 indefensum
1001 2558 1032 2614 et

129 2700 152 2741 4.
175 2691 274 2749 Terruit,
296 2688 347 2739 rint
359 2689 482 2741 mouiller.
622 2699 644 2740 2.
658 2689 809 2740 instruction
819 2689 908 2740 devant
917 2691 940 2740 le
950 2693 1028 2742 senat.

129 2757 383 2821 5.Eom,pou1·ee.
404 2757 432 2806 V.
453 2773 490 2822 gr.
508 2755 540 2805 de
622 2763 644 2806 3.
664 2756 700 2806 Ou
724 2771 754 2804 en
781 2772 824 2805 usa
850 2757 1028 2814 diversement;

94 2823 125 2873 Τ,
141 2830 179 2872 91.
589 2825 668 2887 lentot
679 2837 711 2870 on
729 2821 752 2870 le
764 2821 858 2870 mettait
874 2838 904 2871 en
918 2822 1029 2886 viguenr,

129 2895 153 2938 6.
178 2887 268 2937 Stetere
288 2885 460 2951 (de'barquer),
481 2901 540 2938 aveo
589 2891 668 2935 tantdt
683 2902 714 2935 on
727 2885 840 2937 semhluit
857 2885 979 2937 l’oublier.

93 2956 124 3003 in
147 2962 173 3002 et
192 2949 270 3009 lbet,
295 2967 390 3002 comme
411 2953 537 3002 collocare.
621 2961 644 3000 4.
666 2952 706 3002 Vel
718 2967 782 3017 pour
793 2959 851 3010 aut,
865 2952 893 3001 V.
907 2969 943 3018 gr.
957 2952 990 3002 de
1001 2954 1029 3002 T.

94 3019 125 3077 v,
139 3019 237 3075 Genua,
250 3023 261 3075 5
275 3024 325 3067 rso.
590 3024 641 3067 119.
893 3018 896 3023 ⁴

130 3090 153 3132 7.
172 3083 354 3133 Firmovarwet
369 3104 403 3126 =
421 3082 538 3147 affirma·
622 3090 645 3131 5.
674 3083 816 3139 inciderat,
853 3091 1029 3147 proprement:

94 3155 199 3199 amnt.
588 3148 648 3196 eluit
660 3148 743 3198 lumbe
762 3163 820 3196 sous
839 3145 862 3195 le
875 3150 1032 3198 senatuscon-

132 3222 187 3262 w.
215 3221 235 3262 1.
257 3211 372 3277 Crispus,
399 3220 498 3261 orateur
515 3220 541 3261 et
587 3215 663 3263 suite.

95 3278 212 3328 ddiateur
231 3277 333 3328 redoute
353 3278 388 3326 du
409 3287 488 3342 temps
508 3276 539 3326 de
621 3285 643 3327 6.
662 3276 748 3327 Vibius
760 3275 905 3335 Secundus,
917 3278 959 3343 qni
969 3277 1033 3327 avait

94 3345 194 3401 Neron,
205 3359 262 3393 sous
270 3343 355 3408 lequel
365 3342 382 3391 il
392 3343 539 3392 devintcon·
588 3346 627 3393 ete
639 3352 803 3409 procurateur
814 3358 845 3391 en
858 3341 969 3457 Airirlue.

95 3408 146 3458 sul.
160 3409 181 3458 11
193 3407 231 3457 int
242 3409 375 3472 proconsul
389 3424 420 3458 en
435 3408 539 3472 Afrique
621 3415 643 3456 7.
663 3410 823 3466 Pervertcre,
845 3423 918 3474 comp
930 3411 977 3458 dm.
1000 3408 1031 3458 de

96 3490 156 3524 sous
172 3473 318 3538 Vespasien,
340 3483 365 3522 et
376 3473 488 3539 puissent
499 3489 539 3522 en·
588 3474 748 3532 incubuerat,
766 3488 798 3521 au
813 3471 862 3521 lieu
879 3473 910 3526 de
928 3483 956 3524 ut
973 3491 1031 3523 avec

96 3555 156 3588 core
168 3554 226 3589 sous
237 3538 366 3590 llomi'tieu.
381 3538 418 3590 Gi.
428 3537 481 3605 juv.
496 3538 537 3600 IV,
588 3539 614 3593 le
626 3537 706 3607 subp,
719 3548 758 3592 est
767 3536 901 3608 petiique.
