2346 3922
333 204 425 248 cisun
445 205 475 249 v.
500 205 566 247 ons.
592 188 723 248 17-20.
954 186 1014 247 367

76 354 187 394 vorum
202 336 297 393 armis
312 336 408 403 tueri,
432 335 530 411 raptis
545 353 612 411 quae
632 334 706 393 ferri
722 337 880 410 poterant,
906 337 1017 395 ceteris

76 434 192 509 injecto
222 434 304 507 igni,
337 434 368 490 in
398 433 529 491 insulam
555 434 721 501 concessit,
753 451 868 509 gnarus
894 435 1016 494 deesse⁴

77 548 172 589 naves
201 531 356 589 efficiendo
385 532 487 605 ponti,
519 550 616 607 neque
645 534 814 590 exercitum
843 535 1016 592 Romanum

76 629 169 685 aliter
182 629 464 688 transmissurum5.
483 631 562 696 Quin
579 633 609 688 et
624 630 720 688 diruit
736 630 863 688 molem⁶
879 649 897 690 a
916 633 1016 689 Druso

78 728 259 785 Germanico
280 726 392 785 factam
409 729 611 803 Rhenumque
631 746 727 805 prono
753 730 860 787 alveo⁷
887 731 918 787 in
944 730 1014 789 Gal-

77 823 170 881 liam⁸
199 829 353 892 ruentem,
378 825 515 900 disjectis
543 843 609 901 quae
636 828 862 897 morabanturl,
895 827 1013 886 eitudit.

79 922 131 980 Sic
142 922 228 979 velut
236 922 259 956 ¹⁰
271 923 379 979 abacto
391 940 479 980 amne
490 925 593 980 tenuis
608 923 714 982 alveus
723 925 744 959 ¹¹
758 925 889 982 insulam
902 925 985 982 inter
993 926 1017 962 ¹²

78 1020 304 1092 Germanosque
316 1019 568 1078 continentium*³
580 1023 732 1079 terrarum
744 1023 875 1096 speciem
887 1022 1013 1080 iecerat.

77 1120 241 1177 Transiere
269 1118 442 1177 Rhenum¹⁴
472 1118 569 1174 Tutor
596 1136 715 1192 quoque
744 1122 775 1176 et
800 1120 955 1178 Classicus
985 1123 1016 1177 et

78 1218 198 1273 centum
220 1215 366 1273 tredecim
382 1216 585 1272 Treverorum
602 1218 758 1275 senatores
768 1219 800 1285 ¹⁵,
820 1218 937 1292 inquis
956 1217 1016 1275 fuit

76 1313 220 1388 Alpinius
241 1313 422 1381 Montanus,
451 1329 539 1386 quem
561 1329 580 1370 a
605 1313 710 1370 Primo
731 1315 867 1374 Antonio
889 1318 1015 1374 missum

77 1412 110 1469 in
131 1412 247 1469 Gallias
269 1413 409 1486 superius
433 1411 679 1471 memoravimus
709 1414 922 1472 comitabatur
947 1432 1015 1471 eum

76 1511 173 1567 irater
189 1509 391 1583 D.Alpinius;
411 1509 501 1566 simul
522 1510 618 1566 ceteri
634 1510 831 1569 miseratione
841 1514 863 1549 ¹⁶
880 1531 915 1570 ac
927 1513 1015 1571 donis

56 1623 59 1627 ’
77 1608 197 1665 auxilia
218 1608 380 1664 concibant
395 1608 478 1665 inter
492 1609 599 1680 gentes
618 1608 823 1682 periculorum
839 1609 957 1666 avidas

119 1711 169 1769 20.
194 1709 387 1784 Tantumque
407 1709 480 1767 belli
506 1709 657 1784 superfuit
678 1713 713 1768 ut
733 1709 894 1784 praesidia¹
910 1711 1013 1767 cohor-

76 1810 170 1876 tium,
189 1809 322 1878 alarum,
344 1808 499 1882 legionum
521 1825 580 1864 uno
601 1809 651 1865 die
667 1808 775 1866 Civilis
791 1808 1015 1882 quadripertito

76 1957 112 2005 (16
124 1955 225 2012 Wahal;
239 1955 256 2003 il
267 1964 304 2003 est
315 1954 430 2019 question
441 1953 522 2004 deses
571 1955 659 2004 maitlu
667 1954 931 2004 limitcdelaGaulcau
940 1955 1011 2006 nord.

76 2024 171 2085 oppido
183 2037 231 2070 aux
244 2020 283 2069 ch.
298 2028 326 2069 20
338 2029 362 2069 et
373 2028 411 2070 21.
603 2029 624 2069 9.
645 2023 756 2082 disjectis
769 2036 821 2083 666
833 2022 1010 2079 niorabuntur,

110 2111 132 2153 1.
153 2105 236 2151 Decssc
245 2118 279 2151 sc.
293 2102 421 2151 Romanis.

111 2192 133 2234 5.
145 2185 363 2233 Transmissurum
373 2183 452 2245 (osse),
466 2198 522 2231 sens

77 2260 174 2298 neutrc.
187 2250 216 2297 V.
230 2249 315 2299 Guntr.
330 2256 371 2305 88,
385 2255 411 2298 2.
426 2264 486 2295 rem.

111 2335 133 2377 6.
153 2331 247 2378 Molem.
267 2328 336 2377 Cette
348 2328 437 2394 digue,
456 2344 520 2377 oom-

77 2397 180 2443 meucee
192 2410 236 2458 par
248 2394 340 2442 Drusus
352 2410 382 2442 66
395 2394 443 2442 l'an
456 2400 470 2441 9
481 2410 518 2443 av.

76 2460 152 2517 J.-G.,
168 2459 232 2508 avait
251 2462 290 2508 e'te
309 2460 423 2516 acheve'e,
446 2475 476 2507 66
493 2467 520 2507 55

78 2541 132 2588 apr.
146 2526 158 2573 J
163 2525 220 2581 .·C.,
239 2539 283 2587 pat·
296 2524 426 2588 Pompeius
440 2524 520 2573 Pauli-

79 2607 139 2646 uus,
153 2605 307 2654 gouverneur
316 2589 347 2637 de
357 2590 380 2637 la
390 2588 520 2638 Germanic

79 2654 221 2704 inierioure.
236 2647 325 2703 Etevoe
337 2658 350 2702 a
362 2653 478 2702 l'endroit
487 2658 518 2702 od

78 2721 102 2769 le
115 2719 178 2769 Rhiu
189 2736 214 2768 sc
224 2729 323 2784 partage
333 2735 363 2767 66
372 2719 437 2767 deux
449 2719 520 2767 bran·

78 2785 137 2834 ches
156 2785 285 2849 (leWahal
303 2795 326 2834 et
347 2785 370 2833 16
382 2783 446 2833 llhin
466 2800 520 2848 pro

79 2850 257 2915 prementdit),
270 2851 318 2898 elle
328 2849 416 2898 scruait
427 2854 440 2897 a
450 2849 520 2898 dimi-

79 2932 142 2964 nuet·
164 2917 199 2964 les
222 2932 285 2963 caux
302 2915 336 2962 du
353 2915 440 2964 Wahal
461 2924 486 2963 et
505 2917 519 2963 d

78 2981 170 3046 grossis
181 2981 256 3029 celles
268 2981 302 3027 du
314 2980 378 3028 Rhin
386 3016 393 3032 ,
402 2995 450 3043 que
461 2980 519 3027 Dru-

79 3044 217 3110 susjoignit
230 3045 337 3093 al'l'ssel
349 3060 430 3108 parun
439 3046 517 3092 canai.

79 3112 110 3160 Sa
122 3109 274 3159 destruction
293 3125 338 3173 par
353 3108 437 3158 Civilis
455 3125 519 3158 ame-

79 3176 131 3224 6611
142 3177 178 3224 166
190 3191 253 3223 eauu
263 3176 296 3222 du
307 3174 399 3223 cdte'de
408 3175 432 3223 la
441 3174 520 3224 Gaulo

78 3241 140 3290 dans
151 3241 175 3289 la
189 3240 296 3289 branche
309 3239 478 3289 meridionale.

111 3329 133 3370 7.
153 3322 237 3369 Prono
256 3324 337 3379 61666,
359 3330 434 3386 pente
452 3330 520 3369 natu-

80 3388 140 3435 rclle
152 3386 186 3434 du
199 3386 235 3434 lit.

112 3459 133 3502 8.
152 3452 182 3502 16
194 3451 310 3501 Galliam.
330 3453 364 3502 Le
372 3452 460 3502 Wahal
472 3451 521 3501 for-

570 2102 602 2134 en
614 2086 752 2134 de'truisant
764 2087 787 2133 la
800 2085 884 2150 digne.

605 2174 639 2215 10.
662 2169 871 2225 Velut—omne,
896 2167 918 2215 16
935 2166 1013 2215 [leuve

569 2232 688 2296 (16111116)
708 2235 776 2280 dtunt
796 2247 860 2295 pour
876 2231 939 2281 ainsi
960 2231 1014 2281 dire

570 2300 687 2361 repousse
700 2297 731 2346 de
745 2314 788 2346 666
802 2297 839 2347 lit.

604 2371 638 2411 11.
661 2363 749 2411 Tenuis
777 2365 875 2420 616666,
911 2378 955 2411 666
985 2361 1014 2411 lit

570 2427 651 2477 e'troit.

603 2501 637 2541 12.
657 2492 768 2541 16661666
778 2495 853 2548 inter,
864 2492 1013 2556 anastrophe

569 2557 600 2606 (16
613 2559 636 2606 la
643 2560 742 2621 prepos.
756 2558 784 2606 V.
798 2574 835 2622 gr.
849 2556 880 2605 de
892 2558 949 2606 Tac.
960 2565 1009 2607 157.
1024 2579 1026 2584 ·

603 2645 637 2686 13.
657 2638 883 2687 Continentium-
892 2641 1010 2701 speeiem,

569 2718 708 2766 apparence
720 2702 751 2751 de
764 2714 840 2752 terres
857 2703 900 2768 qui
919 2720 944 2752 sc
957 2713 1011 2753 tou-

570 2768 653 2816 chent.

604 2841 638 2881 14.
659 2834 784 2890 Rhenum,
797 2834 821 2882 16
832 2833 930 2882 Wahal.

603 2899 793 2948 insultatores.
818 2900 864 2947 Les
883 2902 1011 2947 senateurs

568 2963 630 3025 dans
642 2964 678 3012 les
690 2963 759 3012 villes
777 2963 939 3027 provinciales
951 2964 1012 3028 s'ap-

569 3027 678 3091 peluient
689 3028 755 3077 aussi
771 3031 931 3087 dentitiones,
951 3039 975 3076 et
987 3029 1011 3077 le

569 3096 652 3151 senat,
664 3097 725 3142 ordo
733 3097 906 3150 decurionum,
916 3111 947 3143 ou
955 3093 1011 3142 sim-

569 3160 678 3222 plement
689 3162 758 3209 ordo.
773 3161 799 3207 V.
812 3160 848 3218 ll,
862 3167 903 3218 52,
917 3170 974 3208 note
988 3167 1009 3207 t.

603 3248 638 3289 lo.
657 3242 826 3296 Miserotionc,
847 3256 891 3305 par
909 3241 932 3288 la
951 3239 1012 3304 pitie

570 3304 643 3370 qu'ils
655 3305 809 3370 inspiraient.

604 3394 657 3433 ιο.
677 3395 697 3435 1.
717 3388 855 3447 Praesidio,
879 3398 1012 3439 cantonne·

570 3461 659 3505 ments.
