2346 3922
339 251 429 295 umus
447 250 492 294 111.
517 249 583 318 cnr.
606 235 740 297 22-24.
955 230 1013 288 197

73 383 210 459 abrepta
225 382 362 458 quaedam
386 383 495 457 signa;
514 382 610 458 ipsam
625 382 759 457 aquilam
774 378 888 439 Atilius
903 378 1013 447 Verus,

74 483 173 557 primi
193 481 281 558 pili¹2
300 483 448 550 centurio,
470 482 567 541 multa
581 500 648 540 cum
664 483 796 540 hostium
814 481 916 554 strage
932 479 962 537 et
977 478 1015 536 ad

76 581 251 637 extremum
267 579 400 638 moriens
415 582 604 638 servaverat.

120 682 174 740 23.
199 681 352 741 Sustinuit
366 682 518 740 labantem
539 683 635 740 aciem
651 683 804 741 Antonius
819 682 925 740 accitis
940 697 1015 755 prae·

75 780 222 839 torianis.
250 780 308 845 Qui
329 781 380 838 ubi
402 797 548 856 excepere
573 798 721 856 pugnam,
744 781 863 856 pellunt
884 781 1012 847 hostem,

76 877 151 934 dein
172 877 339 952 pelluntur.
361 877 500 952 Namque
520 876 682 937 Vitelliani
698 878 851 935 tormenta
872 877 904 933 in
924 893 1013 950 aggo·

76 991 146 1032 rem
160 975 220 1032 viae
234 974 477 1044 contulerant,u
510 975 572 1032 tela
592 991 688 1033 vacuo
709 976 800 1049 atque
821 975 944 1049 aperto¹
965 991 1014 1031 ex·

77 1074 273 1141 (uterentur,
297 1073 433 1148 dispersa
453 1074 551 1148 primo
576 1077 607 1131 et
632 1073 766 1131 arbustis
792 1074 857 1131 sinc
882 1073 1015 1130 hostium

78 1188 162 1228 noxa
172 1170 264 1228 illisa.
277 1171 488 1245 Magnitudine
500 1172 613 1229 eximia
624 1173 739 1246 quintae
750 1172 874 1230 decimae
885 1170 1015 1245 legionis

77 1268 223 1328 ballista²
248 1270 423 1344 ingentibus
443 1270 525 1327 saxis
545 1270 685 1327 hostilem
710 1270 807 1328 aciem
832 1269 1013 1345 proruebat;

76 1369 202 1443 lateque
223 1369 338 1427 cladem
364 1369 534 1436 intulisset,
558 1369 589 1424 ni
611 1368 670 1426 duo
701 1367 815 1426 milites
835 1368 1014 1443 praeclarum

77 1467 199 1525 facinus
213 1468 295 1535 ausi,
312 1467 443 1543 arreptis
463 1484 478 1525 e
498 1467 619 1541 strage³
635 1467 730 1524 scutis
746 1466 894 1541 ignorati,
912 1466 1016 1523 vincla

77 1582 115 1623 ac
132 1565 333 1623 libramenta⁴
349 1567 500 1622 tormento
522 1565 735 1624 abscidissent.
756 1566 869 1623 Statim
884 1565 1014 1624 confossi

78 1665 152 1722 sunt
172 1681 266 1739 eoque
285 1663 467 1722 intercidere
489 1663 628 1732 nomina;
647 1663 683 1721 de
697 1663 778 1721 facto
793 1663 873 1721 haud
887 1665 1015 1737 ambigi·

77 1763 144 1819 tur.
166 1761 284 1820 Neutro
304 1762 508 1820 inclinaverat
528 1760 667 1830 fortuna,
690 1761 784 1819 donec
802 1762 908 1820 adulta
928 1766 1015 1820 nocte

77 1860 154 1918 luna
166 1875 293 1934 surgens
304 1859 477 1918 ostenderet
488 1860 568 1917 acies
578 1858 768 1934 falleretque.
787 1860 845 1917 Sed
858 1860 1016 1917 Flavianis

78 1958 197 2031 aequior
217 1976 235 2015 a
255 1960 358 2032 tergo;
387 1959 459 2016 hinc
482 1956 611 2033 majores
643 1975 788 2031 equorum
819 1958 1016 2031 virorumque

78 2056 207 2125 umbrae,
222 2058 253 2114 et
272 2055 362 2124 falso,
381 2060 414 2114 ut
430 2059 461 2115 in
477 2076 615 2134 corpora,
634 2059 696 2117 ictu
711 2059 774 2117 tela
788 2059 921 2116 hostium
937 2060 1016 2117 citra

78 2153 250 2222 cadebant,
267 2153 427 2213 Vitelliani
448 2156 576 2214 adverso
595 2156 710 2213 lumine
728 2156 911 2214 collucentes
930 2156 1016 2214 velut

79 2270 120 2310 ex
135 2252 251 2310 occulto
261 2252 471 2328 jaculantibus
486 2255 621 2312 incauti5
636 2254 851 2314 offerebantur.

122 2358 173 2416 24.
198 2359 297 2432 Igitur
310 2359 462 2417 Antonius
476 2359 529 2416 ubi
545 2377 668 2417 noscere
683 2376 752 2418 suos
772 2361 914 2434 noscique
933 2361 1015 2434 pote-

79 2458 145 2526 rat,
163 2457 239 2515 alios
256 2458 371 2533 pudore
391 2460 421 2515 et
440 2459 574 2534 probris,
595 2459 707 2517 multos
726 2459 814 2517 laude
833 2461 864 2517 et
879 2459 1013 2528 hortatu,

74 2550 185 2614 'omnes
211 2573 263 2631 spe
289 2557 507 2631 promissisque
537 2557 718 2626 accendens,
753 2573 807 2614 cur
838 2558 1015 2631 resumpsis-

79 2656 150 2713 sent
164 2672 249 2712 arma
263 2656 456 2713 Pannonicas
471 2654 605 2728 legiones
622 2655 849 2730 interrogabat:
869 2654 936 2710 illos
951 2672 1016 2712 esse

78 2770 201 2829 campos
223 2753 254 2810 in
277 2753 386 2826 quibus
411 2751 532 2810 abolere
560 2751 659 2808 labem
683 2751 796 2826 prioris
821 2750 1012 2825 ignominiae,

80 2853 134 2911 ubi
149 2854 320 2927 reciperare
339 2850 467 2926 gloriam
487 2850 619 2925 possent.
642 2850 719 2906 Tum
738 2848 776 2906 ad
791 2849 931 2906 Moesicos
946 2865 1014 2904 con·

116 2999 151 3040 12.
170 2992 199 3039 V.
217 3006 280 3054 pour
295 2990 319 3038 le
335 2988 464 3039 centurion
478 2987 525 3052 pri·
576 2986 620 3034 des
631 2985 717 3051 globes
729 2985 825 3051 rougis,
843 2985 874 3034 do
886 3001 942 3051 gros
954 3002 1015 3035 mor-

81 3056 181 3131 mipile‚
206 3055 249 3120 qui
270 3055 334 3104 avait
354 3055 378 3103 la
398 3055 473 3120 garde
494 3053 525 3102 dc
575 3068 652 3101 ceaux
664 3052 695 3100 de
707 3051 770 3100 bois.
820 3097 823 3102 .

81 3122 175 3187 l'argle,
190 3121 213 3179 l,
227 3129 264 3177 31,
277 3130 336 3169 note
348 3129 369 3169 3.
531 3175 534 3180 ¹
608 3125 629 3167 3.
642 3119 761 3179 lescrope,
771 3116 893 3166 boucliers
902 3117 1015 3170 arr-ache's

117 3195 171 3235 28.
194 3195 216 3235 l.
240 3187 321 3236 Vacuo
343 3193 415 3248 alque
439 3192 526 3247 aperto
574 3183 750 3231 auxeadavrcs
764 3182 882 3230 ennomis.

80 3252 262 3318 (synonymes),
280 3251 370 3300 terrain
390 3249 452 3299 libre
470 3253 524 3298 eta
606 3256 629 3297 4.
651 3249 737 3298 Vincla
753 3264 783 3296 ac
794 3248 958 3305 libramenta,
979 3248 1015 3296 les

80 3320 222 3368 decouvert.
237 3319 266 3366 V.
280 3333 317 3382 gr.
328 3317 359 3365 de
371 3317 428 3366 Tac.
442 3322 478 3366 38.
574 3313 699 3362 courroies
711 3313 753 3376 qui
768 3312 915 3362 sorvaienta
932 3313 1015 3362 lanccr

115 3392 137 3432 2.
157 3384 275 3440 Ballista,
290 3384 378 3446 espace
391 3381 526 3430 d'arbaldlo
574 3379 618 3427 des
635 3376 784 3443 projectiles.

81 3450 258 3515 gigantesque‚
270 3447 327 3512 qui,
341 3463 398 3496 sous
410 3464 444 3495 un
453 3447 526 3511 anglo
608 3452 629 3493 5.
648 3445 760 3501 lucranti,
781 3443 842 3492 dans
859 3444 881 3492 le
893 3460 949 3492 sens
961 3458 1015 3506 pus-

81 3516 150 3565 dele
160 3513 261 3580 degree,
270 3512 412 3573 lanqaitdes
421 3512 523 3579 pierres,
575 3509 608 3559 sil
617 3529 622 3556 :
638 3526 688 3559 non
699 3512 825 3575 prologos,
837 3525 893 3558 sans
902 3507 1013 3559 de'lcnse.
