2346 3922
383 221 473 265 meua
494 224 540 266 111.
565 225 631 268 cur.
656 207 787 270 57-59.
995 212 1057 272 225

126 350 234 410 dantes
248 352 372 409 nomina
387 357 576 413 sacramento
590 357 699 432 adigit.
725 357 937 432 superfluente
957 359 1061 417 multi-

126 451 232 511 tudine
246 468 352 508 curam
370 452 498 511 dilectus
520 454 552 511 in
573 455 711 514 consules
731 456 876 530 partitur.
896 455 1062 513 Servorum

127 566 285 607 numerum
321 554 352 608 et
387 553 503 626 pondus
538 554 678 626 argenti⁵
711 555 904 611 senatoribus
940 555 1060 613 indicit.

92 663 94 667 ·
127 648 253 722 Equites
273 649 404 707 Romani
424 649 561 708 obtulere
582 668 705 726 operam
727 652 946 726 pecuniasque,
969 652 1062 708 etiam

126 746 280 805 libertinis
302 750 381 806 idem
401 767 511 808 munus
532 749 633 807 ultro6
653 750 876 823 flagitantibus.
906 752 950 807 Ea
971 751 1061 807 simu-

127 845 219 903 latio⁷
245 847 323 905 offici
348 865 367 905 a
392 850 473 905 metu
500 848 635 923 profecta
663 850 801 905 verterat
827 848 858 903 in
888 846 1059 916 favorem⁸;

126 962 161 1002 ac
176 945 313 1020 plerique
325 947 404 1004 haud
420 947 545 1021 perinde
557 946 717 1006 Vitellium
729 962 818 1019 quam
834 962 936 1002 casum
951 945 1062 1002 locum-

127 1045 203 1116 que⁹
216 1045 408 1119 principatus
426 1046 661 1102 miserabantur.
676 1045 741 1102 Nec
757 1044 862 1100 deerat
878 1044 942 1117 ipse
960 1042 1059 1112 vultu,

126 1156 215 1209 voce,
243 1141 379 1199 lacrimis
407 1143 647 1200 misericordiam
676 1143 787 1200 elicere
797 1143 829 1210 1⁰,
860 1141 966 1214 largus
994 1159 1062 1215 pro·

125 1239 242 1308 missis,
260 1242 291 1297 et
306 1257 373 1314 quae
388 1243 499 1297 natura
516 1240 739 1314 trepidantium
758 1243 803 1297 est
813 1241 845 1309 1¹,
870 1240 1059 1300 immodicus

126 1336 205 1401 Quin
221 1339 252 1394 et
267 1338 416 1396 Caesarem
432 1355 464 1395 se
479 1339 538 1395 dici
554 1338 669 1407 voluit,
693 1344 873 1412 aspernatus
888 1342 992 1406 antea,
1011 1337 1062 1395 sed

125 1437 197 1491 tunc
213 1436 430 1511 superstitione
446 1437 577 1493 nominis
587 1437 620 1504 ¹³,
645 1439 675 1493 ct
690 1436 763 1510 quia
785 1437 816 1493 in
836 1439 918 1493 metu
934 1435 1064 1493 consilia

124 1533 320 1607 prudentium
335 1536 365 1591 et
380 1534 465 1608 vulgi
481 1552 585 1592 rumor
600 1534 694 1609 juxta
713 1535 891 1591 audiuntur.
920 1535 1062 1592 Ceterum

124 1632 158 1687 ut
173 1633 275 1688 omnia
290 1632 453 1689 inconsulti
470 1634 601 1708 impetus
616 1637 716 1708 coepta
732 1633 831 1690 initiis
843 1633 947 1690 valida
962 1633 1061 1707 spatio

123 1729 340 1804 languescunt,
373 1731 468 1788 dilabi
500 1731 649 1806 paulatim
678 1734 836 1790 senatores
865 1733 1059 1805 equitesque,

123 1829 221 1903 primo
247 1833 427 1888 cunctanter
453 1833 483 1887 et
507 1830 558 1886 ubi
581 1831 646 1904 ipse
667 1847 727 1886 non
748 1831 872 1898 aderat,
901 1847 971 1887 mox
993 1847 1062 1886 con·

122 1927 263 2001 temptim
284 1931 315 1985 et
336 1929 401 1986 sine
423 1929 598 1986 discrimine
607 1930 640 1997 ¹³,
665 1929 759 1986 donec
780 1928 926 1988 Vitellius
948 1930 1062 2004 pudore

123 2024 206 2080 irriti
228 2028 354 2083 conatus
369 2043 436 2100 quae
452 2043 511 2082 non
528 2026 680 2083 dabantur
701 2027 831 2084 remisit.
1036 2093 1039 2097 ,

166 2123 216 2181 59.
243 2123 286 2180 Ut
305 2126 455 2181 terrorem
477 2125 575 2181 Italiae
600 2142 738 2200 possessa
758 2126 902 2182 Mevania
923 2144 958 2183 ac
974 2125 1059 2184 velut

123 2224 264 2278 renatum
279 2239 317 2278 cx
333 2222 453 2296 integro
469 2222 580 2279 bellum
597 2223 758 2292 intulerat,
782 2225 826 2280 ita
842 2225 921 2281 haud
936 2225 1062 2282 dubium

124 2335 198 2392 erga
222 2318 388 2376 Flavianas
413 2322 516 2394 partes
542 2320 676 2377 studium
700 2323 764 2378 tam
790 2323 919 2398 pavidus
940 2322 1061 2381 Vitellii

124 2415 273 2474 discessus
308 2417 436 2474 addidit.
476 2419 604 2475 Erectus
634 2419 755 2477 Samnis
784 2419 1001 2494 Paelignusque
1031 2423 1061 2477 et

124 2514 219 2573 Marsi
235 2515 445 2584 aemulatione,
464 2515 542 2589 quod
557 2517 724 2591 Campania
745 2520 960 2592 praevenisset,
978 2520 1060 2576 utin

124 2629 202 2669 novo
224 2612 396 2687 obsequio¹‚
425 2614 463 2671 ad
489 2617 599 2672 cuncta
623 2615 696 2672 belli
721 2617 826 2674 munia
851 2634 936 2675 acres
959 2620 1058 2676 erant.

156 2765 178 2804 5.
198 2757 299 2805 Pondus
310 2760 420 2819 arpenti,
430 2773 463 2805 un
473 2759 566 2808 certain
651 2769 686 2809 10.
705 2761 796 2810 Deerat
814 2764 912 2814 elicere.
932 2761 1058 2827 poetique.

123 2821 195 2887 poids
207 2822 378 2886 d'argenterie.
616 2828 644 2876 V.
656 2843 692 2891 gr.
707 2826 738 2874 de
750 2827 819 2884 Tac,
833 2834 870 2875 45.

156 2911 178 2951 6.
200 2904 281 2962 Ultro,
299 2903 483 2953 d’eux-memes.
503 2906 530 2954 V.
545 2907 564 2963 l,
651 2900 685 2940 11.
714 2893 773 2952 ΟΜ
795 2900 892 2941 italum
919 2901 967 2950 0⁸²»
997 2908 1061 2957 P⁰¹¹l

124 2977 146 3027 7,
167 2977 188 3018 7,
615 2973 664 3019 pro
683 2965 791 3015 notura,
814 2959 897 3014 selon,
926 2957 1061 3007 conforme-

616 3031 684 3070 ment
695 3027 718 3070 i.
736 3023 763 3070 V.
779 3023 966 3080 Gant1·.,5184‚
983 3032 1017 3072 15.

651 3096 685 3137 12.
705 3089 830 3145 Nominis,
856 3091 912 3152 gen.
938 3087 1058 3151 objectis:

616 3152 743 3202 constance
755 3152 943 3216 superstitieuse
959 3155 1021 3203 (lans
1032 3170 1061 3204 ce

156 3207 178 3246 8.
198 3199 226 3247 lu
238 3200 364 3263 sacurem,
389 3214 419 3246 en
432 3198 516 3249 bonne
528 3216 567 3248 vo·
617 3235 683 3267 nom,
701 3219 729 3266 v,
741 3234 777 3282 ὃν,
791 3219 822 3266 de
834 3219 902 3276 Τ3οἿ
916 3227 928 3277 5
940 3227 976 3268 26·

124 3265 204 3321 ¹0¹¹l‘l’
218 3264 391 3313 dell’uemessl·
651 3292 685 3333 13.
705 3285 764 3333 Siue
776 3287 932 3342 discrimine,
944 3301 1000 3333 sans
1012 3285 1061 3334 dis-

156 3355 178 3397 9.
198 3348 289 3397 Casum
308 3349 447 3411 locumque,
475 3349 567 3397 littere·
617 3349 721 3398 tinction
734 3371 765 3392 =
778 3366 808 3398 nc
821 3350 953 3398 s'ussuront
965 3366 1009 3414 pas
1023 3350 1060 3400 s’il

124 3414 229 3462 lement:
253 3412 417 3462 abaissoment
437 3424 461 3463 et
484 3415 568 3464 condi·
616 3414 675 3464 etait
688 3417 787 3478 present
799 3432 830 3463 ou
843 3415 939 3463 absent.

124 3477 176 3528 tion
188 3501 221 3521 =
239 3478 356 3530 situation
369 3478 450 3531 avilie.
652 3487 705 3531 ὅθ.
725 3488 746 3529 l.
769 3480 799 3532 tu
816 3483 844 3531 iu
855 3496 917 3530 novo
934 3481 1058 3544 obsequio,

956 3567 995 3618 13*

156 3059 177 3099 7.
197 3052 330 3101 Simittutio
349 3051 430 3116 offici,
458 3067 565 3117 cmpres-

124 3127 219 3166 scmant
231 3116 327 3165 simule.
