2346 3922
353 243 444 290 emsa
464 246 497 308 11.
522 246 588 290 ear.
614 226 746 290 44-46.
963 228 1022 288 129

82 390 240 436 armorum
254 375 366 435 misera
386 376 515 436 laetitia⁶
529 377 729 444 detestantem
752 376 847 435 isdem
861 377 1021 459 tentoriis⁷

83 475 140 533 alii
168 475 315 544 fratrum,
346 474 401 533 alii
430 477 667 551 propinquorum
696 475 825 534 vulnera
853 476 1018 543 fovebant3

84 591 155 648 spes
180 575 211 631 et
235 573 361 648 praemia
386 573 418 630 in
443 574 599 648 ambiguo,
628 577 712 632 certa
726 573 835 631 funera
849 580 880 631 et
901 573 1017 642 luctus,

84 690 141 728 nee
152 673 311 746 quisquam
326 672 399 729 adeo
414 670 486 728 mali
501 688 610 746 expers
624 673 658 728 ut
674 688 733 728 non
748 671 881 745 aliquam
893 673 1020 728 mortem

83 772 236 830 maereret.
274 770 469 844 Requisitum
497 767 604 827 Orfidii
640 769 735 844 legati
770 786 879 845 corpus
908 770 1021 826 honore

84 868 176 926 solito
191 869 359 935 crematum
376 882 488 941 paueos
502 865 665 925 necessarii
681 866 814 941 ipsorum
834 865 1017 941 sepelirem,

84 970 220 1027 ceterum
235 966 345 1041 vulgus
360 981 452 1040 super
466 966 590 1022 humum
604 964 756 1023 relietum.

126 1093 177 1153 46.
202 1090 424 1166 Opperiebatur
438 1090 517 1148 Otho
539 1089 679 1147 nuntium
700 1105 810 1165 pugnae
833 1105 1020 1163 nequaquam

84 1191 223 1266 trepidus
242 1191 273 1246 et
288 1186 408 1246 consilii
425 1189 536 1244 certus.
556 1187 665 1244 Maesta
684 1188 816 1262 primum
830 1185 927 1254 fama,
951 1187 1020 1243 dein

84 1288 207 1365 profugi
222 1305 238 1344 e
253 1285 361 1362 proelio
378 1285 513 1360 perditas
529 1302 577 1343 res
592 1284 795 1361 patefaciunt.
815 1283 885 1342 Non
900 1301 1021 1358 exspee·

82 1387 165 1445 tavit
179 1385 311 1443 militum
327 1384 418 1442 ardor
427 1400 532 1441 vocem
544 1383 755 1459 imperatoris;
772 1382 883 1439 bonum
895 1383 1021 1440 haberet

83 1486 220 1544 animum
241 1482 410 1558 jubebant:
438 1498 594 1558 superesse
619 1481 718 1538 adhue
743 1496 838 1536 noras
862 1479 961 1546 vires,
989 1482 1020 1536 et

84 1585 166 1658 ipsos
188 1583 324 1639 extrema
343 1595 486 1655 passuros
507 1594 703 1652 ausurosque.
732 1578 840 1651 Neque
861 1582 927 1636 erat
947 1580 1019 1637 adu-

83 1682 177 1748 latio;
222 1680 267 1736 ire
303 1677 334 1734 i'n
363 1679 476 1746 aciem,
515 1677 666 1734 excitare¹
696 1676 831 1752 partium
866 1677 1020 1734 fortunam

82 1779 187 1836 furore
212 1775 340 1850 quodam
368 1776 399 1831 et
425 1774 591 1832 instinctu2
615 1775 797 1849 flagrabant.
829 1777 887 1842 Qui
913 1778 1020 1852 procul

82 1875 277 1941 adstiterant‚
294 1872 420 1930 tendere
430 1890 548 1941 manus,
563 1875 593 1931 et
604 1875 736 1949 proximi
751 1893 896 1952 prensare
907 1894 1016 1951 genua,

83 1973 310 2050 promptissimo
338 1972 440 2029 Plotio
469 1973 582 2032 Firmo.
621 1974 651 2031 Is
686 1976 823 2049 praetorii
858 1975 1020 2051 praefectus

82 2072 249 2130 identidem
265 2071 371 2128 orabat
389 2087 427 2127 ne
441 2069 621 2128 fidissimum
642 2071 827 2141 exereitum,
853 2091 890 2130 ne
906 2075 1020 2149 optime

81 2169 210 2227 meritos
230 2167 343 2226 milites
364 2168 538 2226 desereret:
561 2167 676 2242 majore
696 2170 797 2227 animo
817 2170 944 2229 tolerari
969 2172 1019 2228 ad·

81 2283 175 2325 versa
189 2283 278 2340 quam
292 2265 460 2338 relinqui³;
484 2263 578 2322 fortes
593 2267 623 2322 et
638 2267 778 2324 strenuos
799 2267 892 2324 etiam
913 2270 1021 2325 eontra

80 2365 237 2423 fortunam
259 2364 400 2422 insistere
421 2361 503 2436 spei,
526 2362 650 2419 timidos
665 2365 696 2420 et
712 2365 839 2439 ignavos
860 2366 897 2423 ad
916 2366 1018 2440 despe-

81 2465 235 2522 rationem
263 2460 424 2520 formidine
452 2478 626 2537 properare.
659 2463 740 2527 Quas
765 2463 846 2522 inter
871 2483 959 2523 voees
984 2467 1019 2521 ut

81 2560 212 2618 flexerat
241 2558 378 2615 vultum⁴
407 2561 461 2615 aut
489 2559 688 2617 induraverat
713 2561 803 2630 Otho,
831 2562 944 2620 elamor
969 2563 1018 2619 et⁵

81 2656 227 2732 gemitus.
261 2654 326 2712 Neo
354 2658 531 2730 praetoriani
559 2660 695 2727 tantum,
727 2661 867 2735 proprius
889 2661 1019 2719 Othonis

81 2752 188 2822 miles,
214 2752 266 2810 sed
289 2754 439 2828 praemissi
464 2773 480 2813 e
502 2756 611 2815 Moesia
636 2757 761 2816 eandem
782 2759 1019 2817 obstinationem

116 2922 139 2963 6.
159 2916 251 2964 Misera
270 2916 369 2975 letitie,
394 2914 446 2978 joie
466 2917 527 2967 dou·
609 2928 631 2969 2.
650 2921 785 2978 instinctu,
805 2919 937 2985 impulsion
955 2921 1017 2971 inte·

78 2985 208 3032 laurense.
232 2982 266 3030 La
274 2979 326 3043 joie
340 2982 382 3047 qui
400 2984 528 3047 prosensit
576 2984 669 3042 rioure,
684 2985 874 3036 enthousiasme.

79 3049 114 3097 do
128 3049 151 3095 ia
163 3046 306 3095 conclusion
319 3048 350 3096 de
363 3049 386 3096 ta
397 3048 455 3111 paix
468 3048 528 3097 erait
608 3058 630 3099 3.
661 3049 773 3100 Adversa
800 3053 953 3113 relinquere,
991 3069 1018 3102 se

80 3114 162 3162 melae
182 3112 214 3160 de
235 3111 342 3162 tristesse
362 3116 377 3161 a
396 3129 471 3162 causo
492 3114 526 3162 du
576 3115 707 3164 soustraire
720 3131 751 3164 au
764 3117 884 3166 malheur.

80 3194 145 3243 sang
157 3177 278 3241 repende.
607 3187 630 3229 4.
649 3181 723 3228 Selon
736 3197 785 3245 que
797 3197 840 3230 son
851 3181 930 3245 visage
938 3181 1017 3231 s'e'tait

117 3252 139 3293 7.
150 3243 230 3292 isdem
239 3243 416 3302 temeritaabl.
426 3244 524 3295 delion.
576 3244 664 3293 adouei
677 3260 708 3293 ou
721 3245 799 3294 s'etait
815 3250 910 3295 mentre
923 3247 1018 3296 intlexi-

80 3312 120 3360 On
140 3307 178 3356 n'a
196 3323 240 3372 pas
258 3307 344 3356 besoin
357 3309 388 3357 de
407 3320 525 3361 sous-ent.
576 3310 626 3358 hle.

81 3380 119 3425 ia.
139 3375 167 3422 V.
182 3389 217 3437 gr.
232 3372 263 3421 de
274 3373 302 3421 T.
316 3381 352 3422 38.
609 3382 631 3424 5.
650 3373 681 3422 Et
696 3383 733 3422 est
744 3374 789 3423 mis
808 3375 869 3425 dans
881 3376 904 3424 le
916 3393 972 3426 sens
984 3376 1017 3426 de

116 3447 172 3488 10.
192 3446 212 3486 l.
226 3439 355 3497 Erotium,
373 3439 475 3491 relever.
577 3447 630 3489 aut.
644 3440 672 3488 V.
687 3456 723 3505 gr.
737 3440 769 3489 de
781 3441 878 3501 Tacite,
894 3449 943 3491 107.
