2346 3922
198 218 256 279 108
425 230 921 278 conuncnrnc1r1n1sron1nauu
1010 218 1018 235 ⁶

195 368 261 424 tum
283 364 379 440 ipsius
400 364 569 441 municipia
588 367 619 423 et
638 364 765 424 coloniae
786 365 818 424 in
839 362 1013 440 superbiam
1033 358 1137 420 trahe-

196 464 287 533 bant,
319 464 398 538 quod
427 463 606 522 versicolori
636 464 757 538 sagulo,
795 464 932 532 bracas&
970 460 1138 519 barbarum

195 563 333 635 tegmen,
365 561 507 630 indutus,
538 563 661 639 togatos
692 563 910 638 alloqueretur.
940 561 1138 634 Uxoremque

196 657 261 732 ejus
283 655 480 726 Saloninam,
494 659 710 739 'quamquam3
735 659 767 716 in
787 658 902 717 nullius
920 655 1068 731 injuriam
1088 655 1135 713 in·

194 755 292 831 signis
317 772 394 831 equo
415 758 558 831 ostroque
583 757 758 825 veheretur,
778 757 952 831 tamquam⁴
976 753 1043 811 laesi
1065 769 1135 828 gra-

195 853 360 923 vabantur,
383 853 478 912 insita
492 854 674 912 mortalibus
693 857 804 913 natura
828 856 982 913 recentem
1001 852 1136 910 aliorum

194 951 374 1011 felicitatem
399 953 521 1011 acribus
544 944 640 1010 oculis
659 952 860 1028 introspicere
874 951 1055 1025 modumque
1073 949 1135 1006 for-

194 1053 277 1108 tunae
294 1068 313 1109 a
334 1049 428 1108 nullis
443 1051 542 1124 magis
558 1051 681 1124 exigere
706 1067 797 1124 quam
811 1068 887 1125 quos
902 1050 934 1107 in
949 1065 1034 1124 aequo
1049 1047 1135 1106 vide-

194 1153 277 1209 runt.
310 1149 431 1208 Caecina
452 1149 570 1207 Padum
595 1152 821 1222 transgressus,
843 1146 964 1203 tentata
986 1141 1135 1200 Othonia-

194 1263 303 1304 norum
317 1245 376 1303 fide
391 1263 446 1321 per
460 1245 643 1320 colloquium
655 1248 686 1304 et
700 1243 860 1321 promissa,
874 1241 989 1299 isdem⁵
1000 1239 1133 1315 petitus,

193 1347 353 1419 postquam
373 1362 434 1419 pax
454 1347 484 1403 et
504 1344 666 1402 concordia
687 1340 851 1419 speciosisl
870 1342 902 1398 et
922 1338 1022 1396 irritis
1037 1336 1133 1394 nomi-

193 1442 284 1499 nibus
300 1439 439 1516 jactata⁷
457 1442 540 1509 sunt,
564 1438 693 1498 consilia
712 1454 860 1512 curasque
878 1435 911 1492 in
931 1434 1133 1510 oppugnatio-

194 1556 263 1595 nem
278 1538 447 1597 Placentiae
457 1555 569 1614 magno
584 1541 702 1597 terrore
716 1537 827 1605 vertit,
845 1550 975 1608 gnarus,
991 1534 1026 1589 ut
1041 1531 1133 1589 initia

194 1635 268 1693 belli
284 1637 512 1712 provenissent,
535 1636 648 1695 famam
663 1637 695 1693 in
711 1638 813 1693 cetera
826 1633 901 1691 fore.

234 1739 285 1799 21.
310 1739 369 1798 Sed
391 1738 507 1814 primus
527 1739 591 1797 dies
616 1739 731 1813 impetu
750 1736 849 1810 magis
872 1752 965 1810 quam
990 1735 1132 1793 veterani

194 1839 346 1898 exereitus
360 1839 479 1897 artibus
500 1842 695 1898 transactus:
716 1839 816 1914 aperti
836 1837 1013 1912 incautique
1027 1854 1133 1895 muros

193 1938 328 2008 subiere,
359 1938 427 1995 cibo
455 1937 589 2012 vinoque
616 1953 802 2012 praegraves.
835 1937 871 1994 In
899 1953 934 1992 eo
964 1937 1133 1995 certamine

192 2035 431 2110 pulcherrimum
444 2035 664 2112 amphitheatri
685 2051 775 2111 opus,
797 2035 890 2092 situm
905 2036 993 2092 extra
1008 2050 1129 2104 muros,

193 2134 409 2210 conflagravit,
428 2135 494 2192 sive
515 2135 553 2192 ab
575 2133 837 2209 oppugnatoribus
858 2132 1030 2201 incensum,
1059 2132 1132 2191 dum

192 2229 273 2289 faces
288 2233 319 2289 et
333 2231 476 2306 glandes¹
493 2233 524 2288 et
543 2230 690 2288 missilem
713 2230 834 2303 ignem²
849 2230 881 2286 in
897 2229 1033 2286 obsessos
1043 2228 1130 2303 jacu-

191 2325 306 2397 lantur,
325 2328 390 2386 sive
404 2327 443 2384 ab
459 2327 606 2397 obsessis,
625 2328 695 2386 dum
710 2330 828 2387 retorta
850 2328 1004 2403 ingerunt.
1027 2328 1130 2387 Muni-

193 2423 291 2500 cipale
312 2424 437 2498 vulgus,
458 2441 588 2499 pronum
607 2425 644 2482 ad
666 2425 868 2500 suspiciones
895 2424 1020 2483 fraude³
1042 2425 1132 2484 illata

193 2524 274 2597 ignis
289 2524 437 2581 alimenta
458 2524 588 2582 credidit
610 2539 628 2580 a
643 2522 823 2598 quibusdam
845 2524 986 2582 evicinis
1001 2523 1131 2585 coloniis

192 2619 311 2677 invidia
326 2622 356 2678 et
371 2618 580 2688 aemulatione,
594 2619 672 2694 quod
689 2618 774 2677 nulla
788 2620 820 2677 in
836 2618 927 2678 Italia
938 2619 1050 2678 moles⁴
1064 2625 1130 2681 ta'm

226 2776 248 2818 2.
259 2769 354 2819 Bracae
366 2768 469 2834 (braies,
486 2784 516 2818 en
528 2768 636 2818 flamund
719 2775 742 2817 6.
761 2770 880 2833 Speciocis
899 2777 922 2820 et
938 2771 1030 2822 irritis.
1055 2773 1084 2822 V.
1107 2780 1129 2823 et

192 2833 291 2899 brock),
306 2850 357 2884 acc.
371 2834 546 2886 dc'telmiuatil‘.
558 2835 586 2884 V.
598 2851 634 2898 gr.
685 2832 748 2882 dans
760 2836 783 2884 lc
796 2851 852 2884 sens
864 2835 895 2884 de
906 2840 982 2894 mois,
995 2853 1031 2901 gr.
1043 2837 1074 2887 de
1086 2838 1127 2895 T.‚

193 2900 225 2948 ‹le
237 2900 334 2958 Tacite,
347 2907 385 2949 20.
685 2905 696 2956 5
710 2907 766 2948 lll:
788 2915 846 2949 auec
858 2901 901 2949 dos
917 2903 1014 2965 paretes
1032 2904 1128 2970 magni·

226 2972 248 3013 3.
267 2967 424 3028 Quamquam
439 2991 472 3000 —
489 2965 635 3014 celeratur:
685 2963 765 3028 liques
777 2964 838 3014 mais
850 2965 941 3016 taines.

193 3029 634 3094 quoiqu'ollenesittortapersonue,

193 3110 223 3143 cn
238 3104 347 3143 montant
357 3093 484 3143 unchcval
496 3095 635 3144 couvcrtde
718 3060 739 3102 7.
759 3055 867 3104 ‘lactata'
887 3056 920 3104 Le
932 3056 1021 3120 plum
1040 3069 1128 3108 neum

684 3127 721 3166 est
734 3119 849 3184 re‘gulier.
861 3120 890 3168 V.
905 3121 988 3170 Gantr.
1002 3129 1044 3182 80,
1058 3131 1081 3174 6.

193 3174 315 3234 pourprc;
335 3174 394 3222 equo
412 3167 524 3222 ostroque
543 3168 580 3208 est
601 3176 635 3208 un
719 3216 759 3255 u
795 3217 805 3258 l
838 3209 944 3260 mandes
978 3211 1022 3262 des
1040 3213 1128 3278 διώξῃ

765 3246 770 3257 ·
810 3245 816 3257 ·
949 3248 957 3270 ν

192 3223 342 3289 licndiadys,
356 3240 378 3272 v.
390 3239 426 3288 gr.
437 3224 535 3273 delae.
550 3231 599 3274 177.

225 3296 248 3337 4.
265 3289 409 3351 Tanaquum.
420 3290 447 3338 V.
458 3290 482 3338 la
492 3289 554 3353 sign.
565 3289 597 3337 de
606 3303 635 3337 cc
684 3272 792 3324 iidem&

192 3363 244 3402 mot
253 3369 289 3418 gr.
299 3354 330 3410 de
342 3354 465 3402 Tac.130:
477 3354 508 3403 ils
517 3370 543 3403 se
555 3369 634 3419 regar·
717 3360 740 3401 2.
760 3354 807 3403 Des
822 3354 927 3418 javelots
940 3357 1091 3410 enssammes.

193 3418 277 3466 daient
289 3434 383 3468 comme
395 3417 508 3469 offensos.
716 3426 738 3467 3.
758 3421 871 3480 Fraude,
886 3423 1073 3474 mc'chamment.

226 3490 248 3533 5.
259 3484 350 3542 ladem,
365 3484 631 3549 parlcsmtmossoics.
716 3491 738 3532 4.
758 3486 843 3546 Moles,
862 3489 940 3552 grand
952 3489 1048 3542 edifica.
