2346 3922
176 258 238 320 246
400 271 544 316 coruum
564 271 665 321 rnorrr
685 268 900 337 maronmauu

218 404 269 463 82.
294 402 440 462 Tentavit
460 403 563 460 tamen
577 403 730 462 Antonius
745 405 870 462 vocatas
884 401 924 460 ad
944 399 1132 459 contionem-

176 501 313 578 legiones
333 499 493 574 mitigare,
510 501 545 557 ut
565 501 677 559 castris
691 499 784 576 juxta
802 500 928 574 pontem
948 496 1123 557 Mulviuml

175 598 286 675 positis
308 599 432 673 postera
449 596 499 654 die
514 597 620 655 urbem
639 597 886 672 ingrederentur.
915 594 1011 654 Ratio
1033 611 1123 652 cunc·

175 697 279 766 tandi,
311 712 349 753 ne
375 697 535 770 asperatus
563 695 673 772 proelio
695 695 783 766 miles
812 712 873 753 non
898 693 1031 770 populo,
1063 710 1125 751 uon

175 795 315 864 senatui,
338 811 376 852 ue
390 794 514 870 templis
529 794 651 871 quidem
666 812 702 852 ac
717 795 853 855 delubris
871 794 999 853 deorum
1014 809 1122 851 consu·

174 894 269 965 leret;
294 894 346 951 sed
367 909 488 952 omnem
509 892 714 968 prolationem
735 896 771 952 ut
795 893 954 951 inimicam
979 892 1124 950 victoriae

175 992 408 1068 suspectabant3
426 989 517 1049 simul
532 990 683 1065 fulgentia
698 1009 753 1067 por
763 991 857 1052 colles
870 990 999 1060 vexilla,
1016 1008 1123 1066 quam·

174 1110 265 1168 quam
294 1090 427 1150 imbellis
456 1090 587 1166 populus
616 1093 807 1166 sequeretur,
835 1089 969 1166 speciem
996 1088 1124 1148 hostilis

176 1190 331 1250 exercitus
352 1188 500 1248 fecerant.
525 1189 698 1264 Tripartito
713 1190 847 1264 agmine,
862 1206 948 1264 pars,
977 1189 1013 1246 ut
1028 1188 1125 1246 adsti-

176 1290 274 1358 terat,
288 1286 444 1347 Flaminia
455 1287 521 1357 via,
536 1305 607 1362 pars
617 1287 710 1363 juxta
725 1289 826 1363 ripam
840 1287 962 1346 Tiberis
977 1287 1123 1356 incessit;

176 1387 306 1446 tertium
327 1401 436 1461 agmen
461 1402 517 1460 per
531 1385 684 1444 Salariam
706 1387 852 1446 Collinae²
876 1387 975 1462 portae
995 1385 1125 1462 propin·

178 1486 302 1561 quabat.
313 1483 406 1543 Plebs
421 1483 553 1542 invectis
568 1484 723 1559 equitibus
733 1484 818 1555 iusa;
831 1484 920 1544 miles
930 1482 1125 1543 Vitellianus

176 1582 271 1641 trinis
293 1583 324 1640 et
345 1581 410 1656 ipse
429 1581 582 1656 praesidiis
603 1582 749 1640 occurrit.
773 1582 892 1641 Proelia
914 1583 989 1657 aute
1013 1581 1126 1641 urbem

178 1678 277 1737 multa
292 1681 323 1738 et
337 1679 441 1747 varia,
463 1678 515 1737 sed
530 1677 691 1737 Flavianis
707 1680 834 1739 oonsilio
850 1680 960 1738 ducum
974 1682 1126 1755 praestan·

177 1777 264 1835 tibus
292 1776 404 1852 saepius
432 1793 589 1852 prospera.
627 1777 655 1835 Ii
686 1779 808 1835 tantum
844 1777 1014 1836 conflictati
1051 1779 1127 1837 sunt

180 1876 232 1951 qui
253 1876 285 1934 in
305 1877 424 1958 partem
446 1875 604 1934 sinistram
619 1876 705 1935 urbis
719 1875 757 1933 ad
773 1875 998 1935 Sallustianos⁸
1017 1876 1126 1935 hortos

179 1974 381 2049 perangusta
396 1974 427 2030 et
447 1970 567 2029 lubrica
582 1971 704 2030 viarum
717 1972 879 2031 flexerant.
903 1973 1126 2047 superstantes

180 2070 322 2129 maceriis
350 2070 509 2128 hortorum
534 2069 697 2130 Vitelliani
721 2071 759 2128 ad
789 2087 892 2129 sorum
916 2087 1014 2146 usque
1044 2070 1126 2129 diem

181 2169 265 2227 saxis
279 2168 411 2244 pilisque
426 2168 590 2226 subeuntes
605 2169 765 2237 arcebant,
783 2169 879 2228 donec
903 2169 942 2226 ab
968 2170 1126 2245 equitibus

181 2268 234 2344 qui
255 2270 345 2343 porta
374 2267 493 2326 Collina
514 2267 691 2343 irruperant
710 2269 1021 2328 circumvenirentur.
1047 2269 1125 2329 Con-

182 2382 305 2424 currere
337 2368 368 2423 et
402 2365 434 2422 in
471 2383 577 2442 campo
607 2367 741 2425 Martio⁴
777 2366 897 2426 infestae
925 2368 1020 2427 acies.
1061 2369 1125 2427 Pro

182 2463 344 2522 Flavianis
368 2461 493 2521 fortuna
513 2465 545 2520 et
564 2466 654 2538 parta
671 2463 764 2522 toties
782 2464 935 2535 victoria;
960 2463 1127 2525 Vitelliani

182 2560 397 2635 desperatione
411 2559 478 2618 sola
491 2560 637 2631 ruebant,
656 2563 687 2619 et
701 2577 885 2637 quamquam
904 2560 999 2636 pulsi,
1017 2579 1127 2623 rursus

184 2659 217 2717 in
240 2659 316 2716 urbe
338 2659 616 2734 congregabantur.

225 2763 276 2822 83.
300 2763 417 2821 Aderat
441 2763 651 2838 pugnantibus
676 2764 829 2838 spectator
853 2764 996 2840 populus,
1030 2768 1126 2842 utque

184 2859 218 2918 in
243 2857 362 2918 ludicro
391 2860 558 2918 certamine
584 2861 653 2929 hos,
681 2860 806 2918 rursusl
835 2860 904 2919 illos
933 2861 1068 2922 clamore
1094 2867 1127 2924 et

183 2957 292 3033 plausu
314 2956 448 3016 fovebat.
476 2958 601 3023 Quoties
629 2974 701 3033 pars
730 2957 830 3016 altera
854 2957 1052 3030 inclinasset,
1075 2961 1127 3019 ab

219 3113 272 3156 υ.
295 3113 315 3154 1.
334 3106 401 3156 Pom
421 3106 542 3164 Mulvius,
567 3115 629 3170 pont
680 3104 800 3155 Flaminia
823 3105 893 3155 ella
917 3115 989 3171 porte
1017 3107 1124 3158 colline.

156 3234 158 3237 Ι
185 3186 228 3219 sur
238 3172 262 3220 le
272 3170 346 3222 Tihre
363 3171 422 3235 (auj.
442 3173 518 3222 Ponte
530 3172 626 3236 Molle),
680 3169 767 3221 C'etait
783 3187 832 3221 une
852 3171 961 3221 cre'ation
984 3171 1016 3222 de
1034 3172 1128 3225 l'histo·

184 3251 230 3301 par
241 3237 325 3301 lequel
342 3237 434 3301 passait
449 3238 472 3286 la
486 3237 524 3286 via
541 3236 629 3286 Flami·
679 3236 733 3286 rien
745 3237 861 3286 Salluste.

184 3301 234 3360 nia,
245 3318 309 3367 pour
321 3301 418 3353 aboutir
430 3318 462 3351 au
472 3302 593 3367 Capitole.
705 3311 727 3352 4.
739 3303 848 3366 Campus
855 3303 1126 3360 mammaemammal

217 3375 240 3417 2.
259 3368 372 3425 Collina,
387 3384 409 3417 v.
418 3368 457 3418 oh.
469 3376 504 3427 78,
518 3377 575 3418 note
587 3376 609 3419 8.
678 3366 798 3418 Flaminia
810 3378 834 3418 et
847 3385 880 3416 un
897 3368 977 3418 coude
992 3368 1031 3418 du-
1040 3370 1124 3421 Tibre.

217 3440 239 3482 3.
258 3433 424 3483 Sallustianos
437 3434 532 3493 bertoo,
551 3450 593 3483 sur
604 3434 628 3483 le
712 3440 766 3482 8⁸.
793 3441 814 3482 l.
840 3434 901 3491 Hos,
931 3449 1025 3484 rursus
1051 3438 1123 3497 illos,

184 3506 253 3548 mont
264 3498 373 3561 Pincius,
390 3497 453 3555 silut
465 3509 535 3555 entre
551 3499 575 3555 la
590 3499 628 3554 via
677 3515 742 3569 pour
752 3501 824 3551 modo
834 3500 889 3561 bos,
902 3501 974 3556 modo
984 3502 1050 3555 illoc.
