2346 3922
188 222 246 284 168
414 215 678 287 connnnn'rnorrr
699 240 911 288 nrsronmaun

184 372 380 448 approbavit,
399 373 478 448 quod
493 363 625 433 reversis
643 375 682 432 ab
698 375 806 433 exsilio
821 375 895 449 jura
910 370 1129 434 libertorum'10

184 471 397 539 concessisset,
411 489 593 547 quamquam
609 473 639 529 id
655 473 737 530 omni
754 473 840 530 modo
856 472 983 531 servilia
998 469 1128 548 ingenia

183 569 434 643 corrumpebant,
452 570 566 629 abditis
586 572 724 647 pecuniis
739 588 794 646 per
809 571 944 629 occultos
959 574 1014 634 aut
1028 570 1126 630 ambi·

182 666 277 724 tiosos
303 666 430 733 sinus¹¹‚
458 671 489 724 et
515 667 638 742 quidam
666 668 697 724 in
720 667 840 724 domurn
867 668 1003 725 Caesaris·
1022 658 1125 726 trans-

183 765 280 837 gressi
290 765 316 822 12.
327 767 419 838 atque
435 764 510 840 ipsis
526 765 657 822 dominis
673 765 874 839 potentiores.

225 872 275 929 93.
300 872 358 930 Sed
375 872 476 941 miles,
494 872 592 947 plenis
607 873 717 931 castris
732 876 763 932 et
778 872 967 932 redundante
982 875 1125 935 multitu-

184 969 270 1037 dine,
299 969 331 1027 in
352 971 521 1044 porticibus
542 973 596 1032 aut
617 970 751 1028 delubris
773 974 803 1029 et
824 971 899 1029 urbe
920 974 987 1030 tota
1007 976 1122 1053 vagus,

183 1085 243 1125 non
268 1068 421 1142 principia
448 1071 600 1137 noscercl,
629 1086 688 1125 non
715 1083 838 1126 servare
859 1069 999 1143 vigilias,
1025 1088 1126 1150 neque

145 1162 147 1164 ’
182 1164 287 1221 labore
301 1163 435 1233 firmari;
459 1182 514 1239 per
529 1164 688 1223 illecebras
703 1164 788 1222 urbis
804 1169 834 1222 et
854 1164 1017 1224 inhonesta
1038 1167 1124 1226 dictu

183 1281 291 1338 corpus
308 1264 384 1332 otio,
411 1264 546 1320 animum
567 1263 748 1321 libidinibus
770 1263 1022 1323 imminuebant².
1048 1267 1122 1324 Pos-

180 1364 278 1418 tremo
301 1378 338 1417 ne
361 1361 468 1419 salutis
496 1360 617 1435 quidem
645 1377 738 1418 cura:
764 1360 949 1419 infamibus³
976 1362 1122 1421 Vaticani

181 1459 256 1516 locis
282 1475 393 1534 magna
417 1474 488 1533 pars
512 1459 673 1528 tetendit⁴,
706 1457 786 1516 unde
811 1459 925 1517 crebrae
951 1459 983 1516 in
1008 1461 1122 1545 vulgus

180 1559 311 1625 mortes;
330 1560 360 1615 et
374 1556 532 1630 adjacente
548 1556 651 1616 Tiberi
668 1558 889 1615 Germanorum
902 1555 1121 1632 Gallorumque

181 1654 314 1712 obnoxia
341 1654 456 1712 morbis
484 1671 613 1729 corpora
642 1654 777 1712 fluminis
805 1655 939 1713 aviditas
967 1657 999 1713 et
1028 1658 1120 1714 aestus

181 1751 374 1825 impatientia
394 1750 547 1808 labefecit.
575 1749 723 1808 Confusus
747 1751 871 1826 insuper
892 1750 1048 1825 pravitate
1070 1752 1119 1811 vel

181 1849 297 1907 ambitu
319 1849 391 1906 ordo
412 1848 552 1906 militiae:
577 1848 707 1906 sedecim
723 1848 891 1923 praetoriae,
916 1852 1050 1923 quatuor
1069 1866 1117 1908 ur-

180 1948 266 2005 banae
287 1947 427 2005 cohortes
449 1947 671 2015 scribebantur,
695 1947 763 2020 quis
785 1945 906 2020 singula
921 1947 1021 2005 millia
1042 1949 1118 2005 ines·

179 2047 257 2105 sent.
290 2045 365 2103 Plus
391 2045 422 2100 in
449 2061 483 2100 eo
509 2042 623 2102 dilectu
638 2044 752 2104 Valens
772 2044 918 2112 audebat,
942 2047 1117 2120 tamquam⁶

180 2144 277 2217 ipsum
294 2143 444 2200 Caecinam
460 2142 596 2217 periculo
610 2143 783 2204 exemisset.
809 2143 890 2202 Saue
904 2143 1039 2201 adventu
1054 2133 1118 2218 ejus

179 2228 281 2316 partes
297 2241 531 2309 convaluerant,
549 2244 580 2299 et
602 2241 761 2298 sinistrum
778 2240 856 2299 lenti
879 2240 1001 2300 itineris
1019 2258 1117 2300 rume-

179 2357 243 2397 rem
272 2355 415 2415 prospero
445 2339 554 2414 proelio
583 2342 736 2409 verterat,
772 2338 930 2412 omnisque
962 2327 1119 2398 inferioris

95 3502 97 3506 .
180 3472 247 3510 ment
260 3461 294 3526 pli
306 3461 338 3510 dc

214 2493 249 2534 10.
268 2486 335 2536 Juro
347 2483 494 2534 libertorum
509 2484 623 2549 (droitsrl

180 2549 271 2615 l'egard
295 2550 339 2599 des
362 2549 503 2614 affranchis)
535 2559 571 2598 est
599 2551 623 2599 la

180 2621 259 2665 meme
271 2615 344 2665 chose
360 2631 409 2680 que
422 2618 488 2678 jure
504 2623 624 2678 potrona-

180 2689 228 2739 tus,
248 2682 284 2730 lcs
303 2680 447 2793 d1·oits‹{pue
468 2681 502 2728 les
521 2690 622 2744 patrans

180 2756 223 2795 ont
241 2763 283 2795 sur
301 2747 368 2795 leurs
384 2761 397 2794 a
418 2745 529 2802 ranchis,
552 2761 581 2794 en
595 2761 623 2794 ce

180 2827 237 2859 sens
257 2827 306 2876 que
329 2810 424 2860 oeuxoi
448 2811 503 2859 leur
522 2810 623 2859 doivent

180 2877 246 2925 leurs
260 2876 378 2932 services,
398 2874 471 2939 qu'ils
483 2885 538 2925 sunt
550 2885 622 2924 tenus

180 2944 193 2989 d
204 2943 239 2989 les
249 2941 318 2990 aldor
326 2941 357 2989 de
368 2942 433 2989 leurs
443 2940 527 2998 biens,
538 2950 562 2990 et
572 2940 622 2989 s'ils

180 3007 247 3055 n'ont
268 3022 312 3071 pas
330 3005 465 3063 densante,
484 3008 498 3054 a
516 3006 571 3054 leur
591 3021 622 3054 en

180 3072 276 3120 donner
292 3073 314 3120 la
332 3070 416 3119 moitie
428 3086 472 3135 par
487 3071 540 3118 lcur
552 3080 623 3119 testa·

180 3148 255 3185 mont.
266 3138 311 3185 Les
319 3135 450 3184 all'ranohis
460 3135 624 3201 dchappaient

180 3203 212 3249 de
234 3201 377 3250 differentes
400 3200 522 3250 manieres
544 3204 559 3249 a
583 3217 623 3250 ces

181 3266 339 3331 obligations.

214 3340 249 3381 ll.
268 3332 377 3381 Caeliant
394 3331 449 3380 leur
465 3340 550 3397 argent
562 3330 624 3380 dans

180 3396 306 3445 d‘obsours
319 3396 349 3446 do'
369 3401 406 3444 ets
419 3398 510 3460 (sinus,
524 3411 624 3460 propro-

351 3413 378 3510 la
390 3471 461 3526 tege,
475 3462 577 3526 poche),
591 3477 623 3511 ou

179 3527 238 3576 chez
262 3528 305 3578 des
329 3542 465 3591 personnes
491 3526 623 3578 influentes

673 2485 734 2534 dont
746 2485 776 2533 ils
788 2483 976 2535 recherchaient
987 2487 1011 2535 la
1024 2485 1116 2539 lavaur.

707 2559 742 2600 12.
762 2550 795 2599 lls
809 2549 980 2600 choisissaient
997 2566 1062 2615 pour
1078 2550 1119 2619 pi·

672 2626 726 2665 trun
740 2614 887 2679 l'empereur
898 2615 1033 2666 lui-meme.

705 2688 760 2729 Μ.
781 2688 801 2729 l·.
820 2681 856 2729 Ne
873 2680 1057 2731 connaissaient
1073 2680 1117 2749 pas

672 2745 704 2795 dc
716 2744 766 2794 lieu
778 2745 809 2794 de
822 2746 1034 2796 rassemhlement.
1048 2748 1077 2797 V.
1090 2746 1115 2806 l,

672 2812 713 2861 ch.
726 2818 764 2866 48,
779 2820 836 2859 note
848 2818 871 2860 8.
1106 2828 1112 2835 ·

705 2882 727 2923 2.
745 2876 896 2924 imminuere
908 2876 1022 2925 convient
1033 2876 1117 2926 micus

672 2942 686 2989 d
705 2943 819 2989 cesimum
837 2939 893 3005 qu'a
911 2956 1018 3004 corpua,·
1038 2942 1055 2990 il
1071 2956 1116 3009 μ

672 3006 736 3055 donc
749 3005 780 3055 ici
795 3022 827 3055 un
841 3021 950 3071 zeugma.
1097 3022 1102 3027 ·

706 3078 728 3120 3.
747 3070 1116 3136 lnsucaibas,lieuxmallamds

674 3136 773 3185 dcause
785 3136 816 3185 de
833 3137 888 3185 leur
901 3136 1061 3195 insalubrite',
1074 3153 1117 3186 sur

673 3202 696 3249 la
709 3201 759 3250 rive
770 3200 850 3249 droite
862 3201 896 3249 du
908 3201 997 3259 Time,
1010 3212 1082 3252 entre
1093 3204 1116 3253 le

673 3277 742 3315 mont
750 3266 849 3315 Vatican
860 3275 884 3314 et
893 3265 1041 3316 l'extrdmitd
1054 3267 1115 3317 nord

673 3331 707 3380 du
717 3340 785 3379 mont
795 3332 808 3380 J
811 3330 917 3382 anicule.

704 3405 727 3444 4.
749 3397 867 3447 Totcndit.
879 3397 906 3445 V.
919 3396 958 3446 ob.
969 3402 1008 3454 66,
1022 3406 1080 3446 nete
1089 3405 1113 3446 2.

706 3455 727 3511 5”.
749 3462 898 3524 Tamquam,
923 3460 1014 3510 faisant
1036 3463 1114 3512 croire

674 3541 754 3592 que...
774 3528 801 3577 V.
816 3543 853 3592 gr.
867 3527 898 3576 de
909 3526 967 3578 Tac.
981 3535 1032 3578 tao.
