<?xml version="1.0" encoding="UTF-8"?>
<!DOCTYPE html PUBLIC "-//W3C//DTD XHTML 1.0 Transitional//EN"
    "http://www.w3.org/TR/xhtml1/DTD/xhtml1-transitional.dtd">
<html xmlns="http://www.w3.org/1999/xhtml" xml:lang="en" lang="en">
 <head>
  <title>
</title>
<meta http-equiv="Content-Type" content="text/html;charset=utf-8" />
  <meta name='ocr-system' content='tesseract 3.04.00' />
  <meta name='ocr-capabilities' content='ocr_page ocr_carea ocr_par ocr_line ocrx_word'/>
</head>
<body>
  <div class='ocr_page' id='page_1' title='image "./corneliitacitih00gantgoog_0163.png"; bbox 0 0 2346 3922; ppageno 0'>
   <div class='ocr_carea' id='block_1_1' title="bbox 377 219 873 269">
    <p class='ocr_par' dir='ltr' id='par_1_1' title="bbox 377 219 873 269">
     <span class='ocr_line' id='line_1_1' title="bbox 377 219 873 269; baseline -0.014 0"><span class='ocrx_word' id='word_1_1' title='bbox 377 224 520 269; x_wconf 82' lang='lat' dir='ltr'>CORNELII</span> <span class='ocrx_word' id='word_1_2' title='bbox 541 222 641 266; x_wconf 80' lang='lat' dir='ltr'><strong>TAGITI</strong></span> <span class='ocrx_word' id='word_1_3' title='bbox 662 219 873 266; x_wconf 74' lang='lat' dir='ltr'>Hisroumnum</span> 
     </span>
    </p>
   </div>
   <div class='ocr_carea' id='block_1_2' title="bbox 155 208 214 269">
    <p class='ocr_par' dir='ltr' id='par_1_2' title="bbox 155 208 214 269">
     <span class='ocr_line' id='line_1_2' title="bbox 155 208 214 269; baseline 0.017 -1"><span class='ocrx_word' id='word_1_4' title='bbox 155 208 214 269; x_wconf 84' lang='lat'>150</span> 
     </span>
    </p>
   </div>
   <div class='ocr_carea' id='block_1_3' title="bbox 152 347 1097 1215">
    <p class='ocr_par' dir='ltr' id='par_1_3' title="bbox 152 347 1097 1215">
     <span class='ocr_line' id='line_1_3' title="bbox 153 347 1096 433; baseline -0.01 -19"><span class='ocrx_word' id='word_1_5' title='bbox 153 359 324 433; x_wconf 87' lang='lat' dir='ltr'>temporum</span> <span class='ocrx_word' id='word_1_6' title='bbox 353 360 435 415; x_wconf 89' lang='lat' dir='ltr'>metu</span> <span class='ocrx_word' id='word_1_7' title='bbox 462 358 494 415; x_wconf 94' lang='lat' dir='ltr'>in</span> <span class='ocrx_word' id='word_1_8' title='bbox 520 356 659 416; x_wconf 75' lang='lat' dir='ltr'>Histria²</span> <span class='ocrx_word' id='word_1_9' title='bbox 687 353 888 421; x_wconf 87' lang='lat' dir='ltr'>occultatum,</span> <span class='ocrx_word' id='word_1_10' title='bbox 916 349 997 425; x_wconf 91' lang='lat' dir='ltr'>quod</span> <span class='ocrx_word' id='word_1_11' title='bbox 1028 347 1096 406; x_wconf 79' lang='lat' dir='ltr'>illie</span> 
     </span>
     <span class='ocr_line' id='line_1_4' title="bbox 154 446 1097 529; baseline -0.011 -17"><span class='ocrx_word' id='word_1_12' title='bbox 154 455 304 513; x_wconf 89' lang='lat' dir='ltr'>clientelae</span> <span class='ocrx_word' id='word_1_13' title='bbox 319 459 350 514; x_wconf 90' lang='lat' dir='ltr'>et</span> <span class='ocrx_word' id='word_1_14' title='bbox 364 459 431 529; x_wconf 81' lang='lat' dir='ltr'>agri</span> <span class='ocrx_word' id='word_1_15' title='bbox 447 458 585 513; x_wconf 86' lang='lat' dir='ltr'>veterum</span> <span class='ocrx_word' id='word_1_16' title='bbox 597 451 793 512; x_wconf 82' lang='lat' dir='ltr'>Crassorum³</span> <span class='ocrx_word' id='word_1_17' title='bbox 804 467 840 508; x_wconf 82' lang='lat' dir='ltr'>ec</span> <span class='ocrx_word' id='word_1_18' title='bbox 855 448 987 506; x_wconf 91' lang='lat' dir='ltr'>nominis</span> <span class='ocrx_word' id='word_1_19' title='bbox 1003 446 1097 504; x_wconf 77' lang='lat' dir='ltr'>favor</span> 
     </span>
     <span class='ocr_line' id='line_1_5' title="bbox 152 548 1093 625; baseline -0.005 -17"><span class='ocrx_word' id='word_1_20' title='bbox 152 550 305 609; x_wconf 87' lang='lat' dir='ltr'>manebat.</span> <span class='ocrx_word' id='word_1_21' title='bbox 336 552 437 624; x_wconf 79' lang='lat' dir='ltr'>Igitur</span> <span class='ocrx_word' id='word_1_22' title='bbox 472 551 636 609; x_wconf 88' lang='lat' dir='ltr'>deterrimo</span> <span class='ocrx_word' id='word_1_23' title='bbox 667 567 784 625; x_wconf 90' lang='lat' dir='ltr'>quoque</span> <span class='ocrx_word' id='word_1_24' title='bbox 814 550 845 607; x_wconf 92' lang='lat' dir='ltr'>in</span> <span class='ocrx_word' id='word_1_25' title='bbox 875 548 1093 622; x_wconf 71' lang='lat' dir='ltr'><strong>argumentum</strong></span> 
     </span>
     <span class='ocr_line' id='line_1_6' title="bbox 152 645 1092 724; baseline -0.002 -20"><span class='ocrx_word' id='word_1_26' title='bbox 152 646 279 705; x_wconf 70' lang='lat' dir='ltr'>fabulae4</span> <span class='ocrx_word' id='word_1_27' title='bbox 295 651 449 724; x_wconf 89' lang='lat' dir='ltr'>assumpto</span> <span class='ocrx_word' id='word_1_28' title='bbox 465 649 575 722; x_wconf 84' lang='lat' dir='ltr'>vulgus</span> <span class='ocrx_word' id='word_1_29' title='bbox 587 649 742 708; x_wconf 86' lang='lat' dir='ltr'>credulum</span> <span class='ocrx_word' id='word_1_30' title='bbox 757 652 789 707; x_wconf 89' lang='lat' dir='ltr'>et</span> <span class='ocrx_word' id='word_1_31' title='bbox 804 649 927 724; x_wconf 87' lang='lat' dir='ltr'>quidam</span> <span class='ocrx_word' id='word_1_32' title='bbox 942 645 1092 713; x_wconf 76' lang='lat' dir='ltr'>militum,</span> 
     </span>
     <span class='ocr_line' id='line_1_7' title="bbox 153 745 1092 820; baseline -0.004 -15"><span class='ocrx_word' id='word_1_33' title='bbox 153 764 256 805; x_wconf 89' lang='lat' dir='ltr'>errore</span> <span class='ocrx_word' id='word_1_34' title='bbox 278 749 362 806; x_wconf 85' lang='lat' dir='ltr'>veri⁵</span> <span class='ocrx_word' id='word_1_35' title='bbox 384 766 436 806; x_wconf 90' lang='lat' dir='ltr'>seu</span> <span class='ocrx_word' id='word_1_36' title='bbox 457 751 616 807; x_wconf 87' lang='lat' dir='ltr'>turbarum</span> <span class='ocrx_word' id='word_1_37' title='bbox 638 749 756 816; x_wconf 89' lang='lat' dir='ltr'>studio,</span> <span class='ocrx_word' id='word_1_38' title='bbox 778 745 925 818; x_wconf 88' lang='lat' dir='ltr'>certatim</span> <span class='ocrx_word' id='word_1_39' title='bbox 940 761 1092 820; x_wconf 81' lang='lat' dir='ltr'>aggrega·</span> 
     </span>
     <span class='ocr_line' id='line_1_8' title="bbox 153 845 1093 922; baseline -0.002 -21"><span class='ocrx_word' id='word_1_40' title='bbox 153 845 275 914; x_wconf 78' lang='lat' dir='ltr'>bantur,</span> <span class='ocrx_word' id='word_1_41' title='bbox 304 864 372 903; x_wconf 88' lang='lat' dir='ltr'>cum</span> <span class='ocrx_word' id='word_1_42' title='bbox 389 849 561 922; x_wconf 83' lang='lat' dir='ltr'>pertractus</span> <span class='ocrx_word' id='word_1_43' title='bbox 580 849 618 906; x_wconf 88' lang='lat' dir='ltr'>ad</span> <span class='ocrx_word' id='word_1_44' title='bbox 639 845 801 906; x_wconf 91' lang='lat' dir='ltr'>Vitellium</span> <span class='ocrx_word' id='word_1_45' title='bbox 822 845 1093 918; x_wconf 74' lang='lat' dir='ltr'>interrogatusque</span> 
     </span>
     <span class='ocr_line' id='line_1_9' title="bbox 153 939 1091 1017; baseline 0.002 -21"><span class='ocrx_word' id='word_1_46' title='bbox 153 941 292 1014; x_wconf 91' lang='lat' dir='ltr'>quisnam</span> <span class='ocrx_word' id='word_1_47' title='bbox 307 941 481 999; x_wconf 84' lang='lat' dir='ltr'>mortalium</span> <span class='ocrx_word' id='word_1_48' title='bbox 497 944 586 1000; x_wconf 85' lang='lat' dir='ltr'>esset.</span> <span class='ocrx_word' id='word_1_49' title='bbox 609 944 774 1017; x_wconf 82' lang='lat' dir='ltr'>Postquam</span> <span class='ocrx_word' id='word_1_50' title='bbox 790 942 875 1000; x_wconf 90' lang='lat' dir='ltr'>nulla</span> <span class='ocrx_word' id='word_1_51' title='bbox 899 942 990 1000; x_wconf 88' lang='lat' dir='ltr'>dictis</span> <span class='ocrx_word' id='word_1_52' title='bbox 1013 939 1091 999; x_wconf 90' lang='lat' dir='ltr'>fides</span> 
     </span>
     <span class='ocr_line' id='line_1_10' title="bbox 154 1020 1092 1114; baseline 0 -18"><span class='ocrx_word' id='word_1_53' title='bbox 154 1042 184 1096; x_wconf 90' lang='lat' dir='ltr'>et</span> <span class='ocrx_word' id='word_1_54' title='bbox 205 1057 224 1096; x_wconf 89' lang='lat' dir='ltr'>a</span> <span class='ocrx_word' id='word_1_55' title='bbox 248 1039 369 1097; x_wconf 88' lang='lat' dir='ltr'>domino</span> <span class='ocrx_word' id='word_1_56' title='bbox 395 1040 576 1099; x_wconf 85' lang='lat' dir='ltr'>noscebatur</span> <span class='ocrx_word' id='word_1_57' title='bbox 597 1020 774 1099; x_wconf 76' lang='lat' dir='ltr'>condicione</span> <span class='ocrx_word' id='word_1_58' title='bbox 795 1040 946 1114; x_wconf 82' lang='lat' dir='ltr'>fugitivus</span> <span class='ocrx_word' id='word_1_59' title='bbox 967 1038 1092 1096; x_wconf 89' lang='lat' dir='ltr'>nomine</span> 
     </span>
     <span class='ocr_line' id='line_1_11' title="bbox 154 1136 1089 1215; baseline 0 -19"><span class='ocrx_word' id='word_1_60' title='bbox 154 1140 246 1206; x_wconf 84' lang='lat' dir='ltr'>Geta,</span> <span class='ocrx_word' id='word_1_61' title='bbox 265 1140 417 1213; x_wconf 89' lang='lat' dir='ltr'>sumptum</span> <span class='ocrx_word' id='word_1_62' title='bbox 433 1138 469 1196; x_wconf 91' lang='lat' dir='ltr'>de</span> <span class='ocrx_word' id='word_1_63' title='bbox 484 1157 519 1196; x_wconf 89' lang='lat' dir='ltr'>eo</span> <span class='ocrx_word' id='word_1_64' title='bbox 531 1140 714 1215; x_wconf 88' lang='lat' dir='ltr'>supplicium</span> <span class='ocrx_word' id='word_1_65' title='bbox 731 1141 762 1196; x_wconf 91' lang='lat' dir='ltr'>in</span> <span class='ocrx_word' id='word_1_66' title='bbox 777 1139 921 1198; x_wconf 85' lang='lat' dir='ltr'>servilem</span> <span class='ocrx_word' id='word_1_67' title='bbox 935 1136 1089 1196; x_wconf 81' lang='lat' dir='ltr'>modum⁶.</span> 
     </span>
    </p>
   </div>
   <div class='ocr_carea' id='block_1_4' title="bbox 151 1245 1092 2010">
    <p class='ocr_par' dir='ltr' id='par_1_4' title="bbox 151 1245 1092 2010">
     <span class='ocr_line' id='line_1_12' title="bbox 193 1245 1092 1321; baseline -0.001 -19"><span class='ocrx_word' id='word_1_68' title='bbox 193 1248 244 1304; x_wconf 83' lang='lat'>73.</span> <span class='ocrx_word' id='word_1_69' title='bbox 268 1246 330 1303; x_wconf 87' lang='lat' dir='ltr'>Vix</span> <span class='ocrx_word' id='word_1_70' title='bbox 350 1246 495 1305; x_wconf 77' lang='lat' dir='ltr'>credibile</span> <span class='ocrx_word' id='word_1_71' title='bbox 517 1251 684 1306; x_wconf 85' lang='lat' dir='ltr'>memoratu</span> <span class='ocrx_word' id='word_1_72' title='bbox 701 1251 747 1306; x_wconf 88' lang='lat' dir='ltr'>est</span> <span class='ocrx_word' id='word_1_73' title='bbox 768 1250 916 1321; x_wconf 87' lang='lat' dir='ltr'>quantum</span> <span class='ocrx_word' id='word_1_74' title='bbox 938 1245 1092 1320; x_wconf 80' lang='lat' dir='ltr'>superbiae</span> 
     </span>
     <span class='ocr_line' id='line_1_13' title="bbox 152 1341 1090 1423; baseline 0.002 -25"><span class='ocrx_word' id='word_1_75' title='bbox 152 1341 355 1414; x_wconf 84' lang='lat' dir='ltr'>socordiaeque</span> <span class='ocrx_word' id='word_1_76' title='bbox 383 1342 509 1400; x_wconf 90' lang='lat' dir='ltr'>Vitellio</span> <span class='ocrx_word' id='word_1_77' title='bbox 538 1344 723 1415; x_wconf 85' lang='lat' dir='ltr'>adoleverit,</span> <span class='ocrx_word' id='word_1_78' title='bbox 760 1350 921 1423; x_wconf 84' lang='lat' dir='ltr'>postquam</span> <span class='ocrx_word' id='word_1_79' title='bbox 954 1341 1090 1419; x_wconf 89' lang='lat' dir='ltr'>specula·</span> 
     </span>
     <span class='ocr_line' id='line_1_14' title="bbox 151 1439 1089 1518; baseline 0.004 -24"><span class='ocrx_word' id='word_1_80' title='bbox 151 1440 251 1496; x_wconf 89' lang='lat' dir='ltr'>tores¹</span> <span class='ocrx_word' id='word_1_81' title='bbox 267 1457 283 1496; x_wconf 89' lang='lat' dir='ltr'>e</span> <span class='ocrx_word' id='word_1_82' title='bbox 299 1439 391 1514; x_wconf 79' lang='lat' dir='ltr'>Syria</span> <span class='ocrx_word' id='word_1_83' title='bbox 405 1440 569 1515; x_wconf 85' lang='lat' dir='ltr'>Judaeaque</span> <span class='ocrx_word' id='word_1_84' title='bbox 592 1443 732 1501; x_wconf 85' lang='lat' dir='ltr'>adactum</span> <span class='ocrx_word' id='word_1_85' title='bbox 755 1446 786 1502; x_wconf 90' lang='lat' dir='ltr'>in</span> <span class='ocrx_word' id='word_1_86' title='bbox 802 1445 897 1502; x_wconf 89' lang='lat' dir='ltr'>verba</span> <span class='ocrx_word' id='word_1_87' title='bbox 911 1441 975 1518; x_wconf 88' lang='lat' dir='ltr'>ejus</span> <span class='ocrx_word' id='word_1_88' title='bbox 990 1443 1089 1501; x_wconf 88' lang='lat' dir='ltr'>orien-</span> 
     </span>
     <span class='ocr_line' id='line_1_15' title="bbox 151 1535 1090 1617; baseline 0.003 -23"><span class='ocrx_word' id='word_1_89' title='bbox 151 1539 213 1594; x_wconf 85' lang='lat' dir='ltr'>tem</span> <span class='ocrx_word' id='word_1_90' title='bbox 239 1535 431 1597; x_wconf 79' lang='lat' dir='ltr'>nun&#39;tievere.</span> <span class='ocrx_word' id='word_1_91' title='bbox 459 1539 553 1607; x_wconf 88' lang='lat' dir='ltr'>Nam,</span> <span class='ocrx_word' id='word_1_92' title='bbox 578 1543 655 1599; x_wconf 82' lang='lat' dir='ltr'>etsi²</span> <span class='ocrx_word' id='word_1_93' title='bbox 680 1544 770 1617; x_wconf 79' lang='lat' dir='ltr'>vagis</span> <span class='ocrx_word' id='word_1_94' title='bbox 794 1543 892 1602; x_wconf 88' lang='lat' dir='ltr'>adhuc</span> <span class='ocrx_word' id='word_1_95' title='bbox 911 1544 942 1600; x_wconf 88' lang='lat' dir='ltr'>et</span> <span class='ocrx_word' id='word_1_96' title='bbox 962 1540 1090 1598; x_wconf 83' lang='lat' dir='ltr'>incertis</span> 
     </span>
     <span class='ocr_line' id='line_1_16' title="bbox 151 1637 1091 1715; baseline 0.002 -23"><span class='ocrx_word' id='word_1_97' title='bbox 151 1637 336 1704; x_wconf 87' lang='lat' dir='ltr'>auctoribus,</span> <span class='ocrx_word' id='word_1_98' title='bbox 356 1638 422 1693; x_wconf 91' lang='lat' dir='ltr'>erat</span> <span class='ocrx_word' id='word_1_99' title='bbox 436 1639 538 1694; x_wconf 86' lang='lat' dir='ltr'>tamen</span> <span class='ocrx_word' id='word_1_100' title='bbox 558 1639 589 1694; x_wconf 92' lang='lat' dir='ltr'>in</span> <span class='ocrx_word' id='word_1_101' title='bbox 605 1656 657 1696; x_wconf 90' lang='lat' dir='ltr'>ore</span> <span class='ocrx_word' id='word_1_102' title='bbox 672 1639 812 1714; x_wconf 85' lang='lat' dir='ltr'>famaque</span> <span class='ocrx_word' id='word_1_103' title='bbox 827 1639 1032 1715; x_wconf 74' lang='lat' dir='ltr'>Vespasianus</span> <span class='ocrx_word' id='word_1_104' title='bbox 1053 1654 1091 1695; x_wconf 90' lang='lat' dir='ltr'>ac</span> 
     </span>
     <span class='ocr_line' id='line_1_17' title="bbox 151 1734 1089 1812; baseline 0.002 -22"><span class='ocrx_word' id='word_1_105' title='bbox 151 1734 346 1809; x_wconf 84' lang='lat' dir='ltr'>plerumque³</span> <span class='ocrx_word' id='word_1_106' title='bbox 357 1735 395 1792; x_wconf 91' lang='lat' dir='ltr'>ad</span> <span class='ocrx_word' id='word_1_107' title='bbox 412 1752 519 1793; x_wconf 89' lang='lat' dir='ltr'>nomen</span> <span class='ocrx_word' id='word_1_108' title='bbox 536 1736 600 1812; x_wconf 87' lang='lat' dir='ltr'>ejus</span> <span class='ocrx_word' id='word_1_109' title='bbox 618 1738 764 1797; x_wconf 88' lang='lat' dir='ltr'>Vitellius</span> <span class='ocrx_word' id='word_1_110' title='bbox 776 1737 1005 1798; x_wconf 68' lang='lat' dir='ltr'>excitabatur:</span> <span class='ocrx_word' id='word_1_111' title='bbox 1022 1738 1089 1793; x_wconf 91' lang='lat' dir='ltr'>tum</span> 
     </span>
     <span class='ocr_line' id='line_1_18' title="bbox 152 1831 1087 1906; baseline 0.005 -20"><span class='ocrx_word' id='word_1_112' title='bbox 152 1831 215 1906; x_wconf 91' lang='lat' dir='ltr'>ipse</span> <span class='ocrx_word' id='word_1_113' title='bbox 238 1833 464 1906; x_wconf 82' lang='lat' dir='ltr'>exercitusque,</span> <span class='ocrx_word' id='word_1_114' title='bbox 482 1837 516 1892; x_wconf 88' lang='lat' dir='ltr'>ut</span> <span class='ocrx_word' id='word_1_115' title='bbox 532 1835 614 1893; x_wconf 92' lang='lat' dir='ltr'>nullo</span> <span class='ocrx_word' id='word_1_116' title='bbox 630 1837 753 1906; x_wconf 85' lang='lat' dir='ltr'>aemulo,</span> <span class='ocrx_word' id='word_1_117' title='bbox 779 1838 916 1905; x_wconf 89' lang='lat' dir='ltr'>saevitia,</span> <span class='ocrx_word' id='word_1_118' title='bbox 941 1835 1087 1901; x_wconf 86' lang='lat' dir='ltr'>libidine,</span> 
     </span>
     <span class='ocr_line' id='line_1_19' title="bbox 151 1930 860 2010; baseline 0.01 -25"><span class='ocrx_word' id='word_1_119' title='bbox 151 1931 240 2003; x_wconf 87' lang='lat' dir='ltr'>raptu</span> <span class='ocrx_word' id='word_1_120' title='bbox 257 1930 288 1986; x_wconf 93' lang='lat' dir='ltr'>in</span> <span class='ocrx_word' id='word_1_121' title='bbox 305 1931 446 1988; x_wconf 81' lang='lat' dir='ltr'>externos</span> <span class='ocrx_word' id='word_1_122' title='bbox 461 1948 559 1989; x_wconf 89' lang='lat' dir='ltr'>mores</span> <span class='ocrx_word' id='word_1_123' title='bbox 574 1936 808 2010; x_wconf 88' lang='lat' dir='ltr'>proruperant⁵.</span> <span class='ocrx_word' id='word_1_124' title='bbox 858 1955 860 1961; x_wconf 93' lang='lat'>·</span> 
     </span>
    </p>
   </div>
   <div class='ocr_carea' id='block_1_5' title="bbox 148 2041 1090 2311">
    <p class='ocr_par' dir='ltr' id='par_1_5' title="bbox 148 2041 1090 2311">
     <span class='ocr_line' id='line_1_20' title="bbox 191 2041 1090 2118; baseline 0.002 -19"><span class='ocrx_word' id='word_1_125' title='bbox 191 2042 241 2100; x_wconf 81' lang='lat'>74.</span> <span class='ocrx_word' id='word_1_126' title='bbox 265 2041 306 2099; x_wconf 89' lang='lat' dir='ltr'>At</span> <span class='ocrx_word' id='word_1_127' title='bbox 320 2042 525 2116; x_wconf 87' lang='lat' dir='ltr'>Vespasianus</span> <span class='ocrx_word' id='word_1_128' title='bbox 545 2042 657 2100; x_wconf 88' lang='lat' dir='ltr'>bellum</span> <span class='ocrx_word' id='word_1_129' title='bbox 678 2044 840 2118; x_wconf 85' lang='lat' dir='ltr'>armaque¹</span> <span class='ocrx_word' id='word_1_130' title='bbox 863 2043 894 2101; x_wconf 88' lang='lat' dir='ltr'>et</span> <span class='ocrx_word' id='word_1_131' title='bbox 916 2043 1022 2118; x_wconf 91' lang='lat' dir='ltr'>procul</span> <span class='ocrx_word' id='word_1_132' title='bbox 1036 2042 1090 2101; x_wconf 86' lang='lat' dir='ltr'>vel</span> 
     </span>
     <span class='ocr_line' id='line_1_21' title="bbox 148 2138 1090 2217; baseline 0.003 -22"><span class='ocrx_word' id='word_1_133' title='bbox 148 2138 238 2214; x_wconf 81' lang='lat' dir='ltr'>juxta</span> <span class='ocrx_word' id='word_1_134' title='bbox 266 2141 341 2196; x_wconf 84' lang='lat' dir='ltr'>sitas</span> <span class='ocrx_word' id='word_1_135' title='bbox 372 2139 455 2197; x_wconf 85' lang='lat' dir='ltr'>vires</span> <span class='ocrx_word' id='word_1_136' title='bbox 480 2141 763 2217; x_wconf 83' lang='lat' dir='ltr'>circumspectabat.</span> <span class='ocrx_word' id='word_1_137' title='bbox 801 2140 892 2200; x_wconf 85' lang='lat' dir='ltr'>Miles</span> <span class='ocrx_word' id='word_1_138' title='bbox 924 2141 982 2216; x_wconf 91' lang='lat' dir='ltr'>ipsi</span> <span class='ocrx_word' id='word_1_139' title='bbox 1012 2141 1090 2199; x_wconf 90' lang='lat' dir='ltr'>adeo</span> 
     </span>
     <span class='ocr_line' id='line_1_22' title="bbox 149 2237 1089 2311; baseline 0.003 -18"><span class='ocrx_word' id='word_1_140' title='bbox 149 2239 274 2310; x_wconf 90' lang='lat' dir='ltr'>paratus</span> <span class='ocrx_word' id='word_1_141' title='bbox 293 2239 326 2293; x_wconf 95' lang='lat' dir='ltr'>ut</span> <span class='ocrx_word' id='word_1_142' title='bbox 342 2239 527 2311; x_wconf 85' lang='lat' dir='ltr'>praeeuntem</span> <span class='ocrx_word' id='word_1_143' title='bbox 542 2240 784 2296; x_wconf 80' lang='lat' dir='ltr'>sacramentum²</span> <span class='ocrx_word' id='word_1_144' title='bbox 799 2239 830 2295; x_wconf 87' lang='lat' dir='ltr'>et</span> <span class='ocrx_word' id='word_1_145' title='bbox 844 2238 945 2296; x_wconf 85' lang='lat' dir='ltr'>fauste</span> <span class='ocrx_word' id='word_1_146' title='bbox 959 2237 1089 2296; x_wconf 90' lang='lat' dir='ltr'>Vitellio</span> 
     </span>
    </p>
   </div>
   <div class='ocr_carea' id='block_1_6' title="bbox 149 2377 1089 2507">
    <p class='ocr_par' dir='ltr' id='par_1_6' title="bbox 149 2377 1089 2507">
     <span class='ocr_line' id='line_1_23' title="bbox 182 2377 1089 2440; baseline 0 -14"><span class='ocrx_word' id='word_1_147' title='bbox 182 2386 204 2426; x_wconf 74' lang='lat'>2.</span> <span class='ocrx_word' id='word_1_148' title='bbox 224 2379 336 2434; x_wconf 79' lang='lat' dir='ltr'>Histric,</span> <span class='ocrx_word' id='word_1_149' title='bbox 354 2377 433 2425; x_wconf 77' lang='lat' dir='ltr'>dl&#39;ost</span> <span class='ocrx_word' id='word_1_150' title='bbox 449 2377 483 2426; x_wconf 93' lang='lat' dir='ltr'>du</span> <span class='ocrx_word' id='word_1_151' title='bbox 499 2378 593 2440; x_wconf 75' lang='lat' dir='ltr'>Turpes·</span> <span class='ocrx_word' id='word_1_152' title='bbox 674 2385 696 2427; x_wconf 84' lang='grc'>6.</span> <span class='ocrx_word' id='word_1_153' title='bbox 716 2380 762 2428; x_wconf 87' lang='lat' dir='ltr'>Les</span> <span class='ocrx_word' id='word_1_154' title='bbox 787 2379 895 2428; x_wconf 82' lang='lat' dir='ltr'>esclaves</span> <span class='ocrx_word' id='word_1_155' title='bbox 921 2377 1015 2428; x_wconf 81' lang='lat' dir='ltr'>e&#39;taient</span> <span class='ocrx_word' id='word_1_156' title='bbox 1041 2377 1089 2427; x_wconf 87' lang='lat' dir='ltr'>mis</span> 
     </span>
     <span class='ocr_line' id='line_1_24' title="bbox 149 2442 762 2507; baseline 0 -15"><span class='ocrx_word' id='word_1_157' title='bbox 149 2446 217 2492; x_wconf 77' lang='lat' dir='ltr'>tinus</span> <span class='ocrx_word' id='word_1_158' title='bbox 233 2445 309 2493; x_wconf 83' lang='lat' dir='ltr'>Sinus</span> <span class='ocrx_word' id='word_1_159' title='bbox 329 2442 404 2506; x_wconf 67' lang='lat' dir='ltr'>(polle</span> <span class='ocrx_word' id='word_1_160' title='bbox 421 2443 452 2492; x_wconf 89' lang='lat' dir='ltr'>de</span> <span class='ocrx_word' id='word_1_161' title='bbox 472 2442 590 2507; x_wconf 63' lang='lat' dir='ltr'>Tricas),</span> <span class='ocrx_word' id='word_1_162' title='bbox 641 2460 672 2492; x_wconf 91' lang='lat' dir='ltr'>en</span> <span class='ocrx_word' id='word_1_163' title='bbox 684 2443 762 2492; x_wconf 86' lang='lat' dir='ltr'>croix.</span> 
     </span>
    </p>
   </div>
   <div class='ocr_carea' id='block_1_7' title="bbox 149 2507 503 2573">
    <p class='ocr_par' dir='ltr' id='par_1_7' title="bbox 149 2507 503 2573">
     <span class='ocr_line' id='line_1_25' title="bbox 149 2507 503 2573; baseline 0.006 -17"><span class='ocrx_word' id='word_1_164' title='bbox 149 2507 199 2571; x_wconf 80' lang='lat' dir='ltr'>aiij.</span> <span class='ocrx_word' id='word_1_165' title='bbox 213 2509 237 2557; x_wconf 82' lang='lat' dir='ltr'>la</span> <span class='ocrx_word' id='word_1_166' title='bbox 251 2509 386 2573; x_wconf 87' lang='lat' dir='ltr'>prosqu’ile</span> <span class='ocrx_word' id='word_1_167' title='bbox 398 2507 503 2558; x_wconf 82' lang='lat' dir='ltr'>d&#39;lsirie.</span> 
     </span>
    </p>
   </div>
   <div class='ocr_carea' id='block_1_8' title="bbox 148 2623 593 2871">
    <p class='ocr_par' dir='ltr' id='par_1_8' title="bbox 148 2623 593 2871">
     <span class='ocr_line' id='line_1_26' title="bbox 181 2623 593 2674; baseline -0.002 -1"><span class='ocrx_word' id='word_1_168' title='bbox 181 2632 203 2673; x_wconf 82' lang='grc'>3.</span> <span class='ocrx_word' id='word_1_169' title='bbox 213 2625 370 2674; x_wconf 81' lang='lat' dir='ltr'>Crassorum.</span> <span class='ocrx_word' id='word_1_170' title='bbox 377 2623 522 2672; x_wconf 82' lang='lat' dir='ltr'>Camerinus</span> <span class='ocrx_word' id='word_1_171' title='bbox 529 2623 593 2672; x_wconf 82' lang='lat' dir='ltr'>avait</span> 
     </span>
     <span class='ocr_line' id='line_1_27' title="bbox 148 2689 592 2738; baseline -0.002 0"><span class='ocrx_word' id='word_1_172' title='bbox 148 2692 187 2738; x_wconf 76' lang='grc' dir='ltr'>ὀῑό</span> <span class='ocrx_word' id='word_1_173' title='bbox 205 2689 251 2738; x_wconf 88' lang='lat' dir='ltr'>mis</span> <span class='ocrx_word' id='word_1_174' title='bbox 270 2693 284 2737; x_wconf 79' lang='lat' dir='ltr'>d</span> <span class='ocrx_word' id='word_1_175' title='bbox 302 2698 365 2737; x_wconf 81' lang='lat' dir='ltr'>mort</span> <span class='ocrx_word' id='word_1_176' title='bbox 383 2704 440 2737; x_wconf 90' lang='lat' dir='ltr'>sous</span> <span class='ocrx_word' id='word_1_177' title='bbox 458 2691 549 2738; x_wconf 78' lang='lat' dir='ltr'>Neron.</span> <span class='ocrx_word' id='word_1_178' title='bbox 572 2689 592 2738; x_wconf 95' lang='lat' dir='ltr'>ll</span> 
     </span>
     <span class='ocr_line' id='line_1_28' title="bbox 149 2753 591 2820; baseline 0 -18"><span class='ocrx_word' id='word_1_179' title='bbox 149 2754 208 2803; x_wconf 72' lang='lat' dir='ltr'>erait</span> <span class='ocrx_word' id='word_1_180' title='bbox 227 2763 314 2820; x_wconf 81' lang='lat' dir='ltr'>parcnt</span> <span class='ocrx_word' id='word_1_181' title='bbox 332 2770 376 2819; x_wconf 88' lang='lat' dir='ltr'>par</span> <span class='ocrx_word' id='word_1_182' title='bbox 391 2753 496 2804; x_wconf 84' lang='lat' dir='ltr'>alliauce</span> <span class='ocrx_word' id='word_1_183' title='bbox 516 2755 548 2804; x_wconf 88' lang='lat' dir='ltr'>de</span> <span class='ocrx_word' id='word_1_184' title='bbox 568 2755 591 2802; x_wconf 81' lang='lat' dir='ltr'>lu</span> 
     </span>
     <span class='ocr_line' id='line_1_29' title="bbox 148 2819 421 2871; baseline -0.004 -2"><span class='ocrx_word' id='word_1_185' title='bbox 148 2820 241 2869; x_wconf 83' lang='lat' dir='ltr'>lamillc</span> <span class='ocrx_word' id='word_1_186' title='bbox 253 2819 297 2868; x_wconf 90' lang='lat' dir='ltr'>des</span> <span class='ocrx_word' id='word_1_187' title='bbox 310 2820 421 2871; x_wconf 83' lang='lat' dir='ltr'>Crassus.</span> 
     </span>
    </p>
   </div>
   <div class='ocr_carea' id='block_1_9' title="bbox 144 2926 591 3250">
    <p class='ocr_par' dir='ltr' id='par_1_9' title="bbox 144 2926 591 3250">
     <span class='ocr_line' id='line_1_30' title="bbox 180 2926 589 2988; baseline -0.005 -13"><span class='ocrx_word' id='word_1_188' title='bbox 180 2934 203 2974; x_wconf 79' lang='lat'>4.</span> <span class='ocrx_word' id='word_1_189' title='bbox 233 2928 263 2975; x_wconf 84' lang='lat' dir='ltr'>ln</span> <span class='ocrx_word' id='word_1_190' title='bbox 285 2933 462 2988; x_wconf 81' lang='lat' dir='ltr'>arquruentum</span> <span class='ocrx_word' id='word_1_191' title='bbox 484 2926 589 2986; x_wconf 69' lang='lat' dir='ltr'>fabulae,</span> 
     </span>
     <span class='ocr_line' id='line_1_31' title="bbox 146 2991 591 3057; baseline -0.002 -16"><span class='ocrx_word' id='word_1_192' title='bbox 146 3009 211 3057; x_wconf 91' lang='lat' dir='ltr'>pour</span> <span class='ocrx_word' id='word_1_193' title='bbox 227 2992 249 3039; x_wconf 84' lang='lat' dir='ltr'>la</span> <span class='ocrx_word' id='word_1_194' title='bbox 262 2991 322 3040; x_wconf 88' lang='lat' dir='ltr'>miso</span> <span class='ocrx_word' id='word_1_195' title='bbox 339 3008 369 3040; x_wconf 88' lang='lat' dir='ltr'>en</span> <span class='ocrx_word' id='word_1_196' title='bbox 389 2995 461 3040; x_wconf 78' lang='lat' dir='ltr'>soene</span> <span class='ocrx_word' id='word_1_197' title='bbox 477 2991 509 3039; x_wconf 92' lang='lat' dir='ltr'>de</span> <span class='ocrx_word' id='word_1_198' title='bbox 527 3000 591 3040; x_wconf 78' lang='lat' dir='ltr'>colle</span> 
     </span>
     <span class='ocr_line' id='line_1_32' title="bbox 146 3056 591 3120; baseline -0.002 -14"><span class='ocrx_word' id='word_1_199' title='bbox 146 3056 265 3106; x_wconf 76' lang='lat' dir='ltr'>comedia.</span> <span class='ocrx_word' id='word_1_200' title='bbox 288 3057 326 3105; x_wconf 77' lang='lat' dir='ltr'>ul.</span> <span class='ocrx_word' id='word_1_201' title='bbox 348 3056 432 3116; x_wconf 79' lang='lat' dir='ltr'>Quint.</span> <span class='ocrx_word' id='word_1_202' title='bbox 446 3057 474 3113; x_wconf 86' lang='lat' dir='ltr'>V,</span> <span class='ocrx_word' id='word_1_203' title='bbox 494 3064 535 3104; x_wconf 86' lang='lat'>10:</span> <span class='ocrx_word' id='word_1_204' title='bbox 552 3057 591 3120; x_wconf 76' lang='lat' dir='ltr'>sc-</span> 
     </span>
     <span class='ocr_line' id='line_1_33' title="bbox 145 3124 591 3185; baseline -0.002 -14"><span class='ocrx_word' id='word_1_205' title='bbox 145 3124 208 3171; x_wconf 70' lang='lat' dir='ltr'>dulo</span> <span class='ocrx_word' id='word_1_206' title='bbox 220 3124 254 3170; x_wconf 87' lang='lat' dir='ltr'>ad</span> <span class='ocrx_word' id='word_1_207' title='bbox 266 3130 336 3171; x_wconf 76' lang='lat' dir='ltr'>uetus</span> <span class='ocrx_word' id='word_1_208' title='bbox 353 3138 486 3170; x_wconf 79' lang='lat' dir='ltr'>scenarum</span> <span class='ocrx_word' id='word_1_209' title='bbox 497 3138 591 3185; x_wconf 79' lang='lat' dir='ltr'>compo</span> 
     </span>
     <span class='ocr_line' id='line_1_34' title="bbox 144 3190 508 3250; baseline -0.008 -12"><span class='ocrx_word' id='word_1_210' title='bbox 144 3192 197 3238; x_wconf 79' lang='lat' dir='ltr'>sitae</span> <span class='ocrx_word' id='word_1_211' title='bbox 213 3195 362 3250; x_wconf 75' lang='lat' dir='ltr'>arquericnlc</span> <span class='ocrx_word' id='word_1_212' title='bbox 378 3190 508 3237; x_wconf 84' lang='lat' dir='ltr'>dicuntur.</span> 
     </span>
    </p>
   </div>
   <div class='ocr_carea' id='block_1_10' title="bbox 146 3293 590 3555">
    <p class='ocr_par' dir='ltr' id='par_1_10' title="bbox 146 3293 590 3555">
     <span class='ocr_line' id='line_1_35' title="bbox 179 3293 587 3358; baseline -0.002 -16"><span class='ocrx_word' id='word_1_213' title='bbox 179 3302 200 3342; x_wconf 89' lang='lat'>5.</span> <span class='ocrx_word' id='word_1_214' title='bbox 224 3294 280 3342; x_wconf 85' lang='lat' dir='ltr'>Veri</span> <span class='ocrx_word' id='word_1_215' title='bbox 298 3302 384 3341; x_wconf 85' lang='lat' dir='ltr'>estun</span> <span class='ocrx_word' id='word_1_216' title='bbox 401 3295 457 3358; x_wconf 80' lang='lat' dir='ltr'>ge&#39;n.</span> <span class='ocrx_word' id='word_1_217' title='bbox 472 3293 575 3356; x_wconf 75' lang='lat' dir='ltr'>objectis</span> <span class='ocrx_word' id='word_1_218' title='bbox 582 3314 587 3341; x_wconf 88' lang='lat'>:</span> 
     </span>
     <span class='ocr_line' id='line_1_36' title="bbox 146 3360 590 3423; baseline 0.005 -17"><span class='ocrx_word' id='word_1_219' title='bbox 146 3375 191 3423; x_wconf 84' lang='lat' dir='ltr'>par</span> <span class='ocrx_word' id='word_1_220' title='bbox 211 3374 260 3406; x_wconf 90' lang='lat' dir='ltr'>une</span> <span class='ocrx_word' id='word_1_221' title='bbox 283 3374 369 3406; x_wconf 83' lang='lat' dir='ltr'>erreur</span> <span class='ocrx_word' id='word_1_222' title='bbox 394 3369 544 3409; x_wconf 84' lang='lat' dir='ltr'>conceruanl</span> <span class='ocrx_word' id='word_1_223' title='bbox 567 3360 590 3408; x_wconf 93' lang='lat' dir='ltr'>le</span> 
     </span>
     <span class='ocr_line' id='line_1_37' title="bbox 146 3418 587 3488; baseline 0.007 -17"><span class='ocrx_word' id='word_1_224' title='bbox 146 3424 196 3472; x_wconf 83' lang='lat' dir='ltr'>vrai</span> <span class='ocrx_word' id='word_1_225' title='bbox 216 3447 249 3466; x_wconf 97' lang='lat'><strong><em>=</em></strong></span> <span class='ocrx_word' id='word_1_226' title='bbox 267 3439 311 3487; x_wconf 81' lang='lat' dir='ltr'>per</span> <span class='ocrx_word' id='word_1_227' title='bbox 330 3418 463 3488; x_wconf 61' lang='lat' dir='ltr'>ignoruuc’e</span> <span class='ocrx_word' id='word_1_228' title='bbox 478 3424 512 3474; x_wconf 91' lang='lat' dir='ltr'>du</span> <span class='ocrx_word' id='word_1_229' title='bbox 529 3425 587 3474; x_wconf 82' lang='lat' dir='ltr'>urai.</span> 
     </span>
     <span class='ocr_line' id='line_1_38' title="bbox 147 3489 358 3555; baseline 0.005 -16"><span class='ocrx_word' id='word_1_230' title='bbox 147 3489 358 3555; x_wconf 47' lang='lat' dir='ltr'>Vffimlffi</span> 
     </span>
    </p>
   </div>
   <div class='ocr_carea' id='block_1_11' title="bbox 640 2510 1089 3550">
    <p class='ocr_par' dir='ltr' id='par_1_11' title="bbox 642 2510 1088 2631">
     <span class='ocr_line' id='line_1_39' title="bbox 677 2510 1088 2572; baseline 0.005 -16"><span class='ocrx_word' id='word_1_231' title='bbox 677 2517 728 2559; x_wconf 68' lang='grc' dir='ltr'>π.</span> <span class='ocrx_word' id='word_1_232' title='bbox 758 2517 778 2559; x_wconf 86' lang='grc'>1.</span> <span class='ocrx_word' id='word_1_233' title='bbox 803 2510 989 2572; x_wconf 76' lang='lat' dir='ltr'>Speculatores,</span> <span class='ocrx_word' id='word_1_234' title='bbox 1014 2524 1088 2559; x_wconf 88' lang='lat' dir='ltr'>cour·</span> 
     </span>
     <span class='ocr_line' id='line_1_40' title="bbox 642 2573 953 2631; baseline 0.003 -9"><span class='ocrx_word' id='word_1_235' title='bbox 642 2573 711 2624; x_wconf 87' lang='lat' dir='ltr'>riers.</span> <span class='ocrx_word' id='word_1_236' title='bbox 724 2576 753 2624; x_wconf 88' lang='lat' dir='ltr'>V.</span> <span class='ocrx_word' id='word_1_237' title='bbox 767 2575 790 2631; x_wconf 88' lang='lat' dir='ltr'>l,</span> <span class='ocrx_word' id='word_1_238' title='bbox 805 2582 846 2631; x_wconf 80' lang='lat'>24,</span> <span class='ocrx_word' id='word_1_239' title='bbox 862 2585 919 2624; x_wconf 87' lang='lat' dir='ltr'>noto</span> <span class='ocrx_word' id='word_1_240' title='bbox 930 2583 953 2623; x_wconf 78' lang='lat'>4.</span> 
     </span>
    </p>

    <p class='ocr_par' dir='ltr' id='par_1_12' title="bbox 641 2639 1089 2829">
     <span class='ocr_line' id='line_1_41' title="bbox 674 2639 1089 2690; baseline 0.002 -2"><span class='ocrx_word' id='word_1_241' title='bbox 674 2648 696 2689; x_wconf 81' lang='lat'>2.</span> <span class='ocrx_word' id='word_1_242' title='bbox 722 2639 800 2690; x_wconf 82' lang='lat' dir='ltr'>L&#39;abl.</span> <span class='ocrx_word' id='word_1_243' title='bbox 823 2639 876 2689; x_wconf 86' lang='lat' dir='ltr'>abs.</span> <span class='ocrx_word' id='word_1_244' title='bbox 901 2655 958 2690; x_wconf 83' lang='lat' dir='ltr'>arec</span> <span class='ocrx_word' id='word_1_245' title='bbox 981 2643 1026 2690; x_wconf 81' lang='lat' dir='ltr'>etsi</span> <span class='ocrx_word' id='word_1_246' title='bbox 1050 2649 1089 2689; x_wconf 85' lang='lat' dir='ltr'>est</span> 
     </span>
     <span class='ocr_line' id='line_1_42' title="bbox 641 2704 1087 2772; baseline 0.007 -20"><span class='ocrx_word' id='word_1_247' title='bbox 641 2705 779 2768; x_wconf 79' lang='lat' dir='ltr'>poslc&#39;riour</span> <span class='ocrx_word' id='word_1_248' title='bbox 796 2704 937 2771; x_wconf 73' lang='lat' dir='ltr'>al’epoqne</span> <span class='ocrx_word' id='word_1_249' title='bbox 952 2705 1087 2772; x_wconf 83' lang='lat' dir='ltr'>classique.</span> 
     </span>
     <span class='ocr_line' id='line_1_43' title="bbox 641 2770 953 2829; baseline 0.003 -11"><span class='ocrx_word' id='word_1_250' title='bbox 641 2770 669 2818; x_wconf 90' lang='lat' dir='ltr'>V.</span> <span class='ocrx_word' id='word_1_251' title='bbox 684 2771 768 2820; x_wconf 84' lang='lat' dir='ltr'>Gantr.</span> <span class='ocrx_word' id='word_1_252' title='bbox 784 2777 838 2829; x_wconf 76' lang='lat'>174,</span> <span class='ocrx_word' id='word_1_253' title='bbox 853 2779 878 2827; x_wconf 81' lang='lat'>2,</span> <span class='ocrx_word' id='word_1_254' title='bbox 893 2787 953 2820; x_wconf 87' lang='lat' dir='ltr'>rem.</span> 
     </span>
    </p>

    <p class='ocr_par' dir='ltr' id='par_1_13' title="bbox 674 2837 991 2899">
     <span class='ocr_line' id='line_1_44' title="bbox 674 2837 991 2899; baseline 0 -14"><span class='ocrx_word' id='word_1_255' title='bbox 674 2844 696 2885; x_wconf 87' lang='grc'>3.</span> <span class='ocrx_word' id='word_1_256' title='bbox 714 2837 866 2898; x_wconf 79' lang='lat' dir='ltr'>Plerumque</span> <span class='ocrx_word' id='word_1_257' title='bbox 876 2859 909 2878; x_wconf 95' lang='lat'><strong><em>=</em></strong></span> <span class='ocrx_word' id='word_1_258' title='bbox 919 2853 991 2899; x_wconf 75' lang='lat' dir='ltr'>sape.</span> 
     </span>
    </p>

    <p class='ocr_par' dir='ltr' id='par_1_14' title="bbox 641 2901 1086 3032">
     <span class='ocr_line' id='line_1_45' title="bbox 675 2901 1086 2960; baseline 0 -10"><span class='ocrx_word' id='word_1_259' title='bbox 675 2911 697 2950; x_wconf 80' lang='grc'>4.</span> <span class='ocrx_word' id='word_1_260' title='bbox 716 2902 892 2960; x_wconf 79' lang='lat' dir='ltr'>Ercilubatur,</span> <span class='ocrx_word' id='word_1_261' title='bbox 912 2918 939 2951; x_wconf 88' lang='lat' dir='ltr'>se</span> <span class='ocrx_word' id='word_1_262' title='bbox 951 2901 1086 2960; x_wconf 79' lang='lat' dir='ltr'>re&#39;uelllait,</span> 
     </span>
     <span class='ocr_line' id='line_1_46' title="bbox 641 2966 1085 3032; baseline -0.002 -14"><span class='ocrx_word' id='word_1_263' title='bbox 641 2966 727 3018; x_wconf 76' lang='lat' dir='ltr'>soi-[uit</span> <span class='ocrx_word' id='word_1_264' title='bbox 735 2968 767 3015; x_wconf 88' lang='lat' dir='ltr'>dc</span> <span class='ocrx_word' id='word_1_265' title='bbox 776 2984 819 3016; x_wconf 88' lang='lat' dir='ltr'>son</span> <span class='ocrx_word' id='word_1_266' title='bbox 830 2966 928 3032; x_wconf 84' lang='lat' dir='ltr'>apathie</span> <span class='ocrx_word' id='word_1_267' title='bbox 941 2968 1085 3030; x_wconf 76' lang='lat' dir='ltr'>(iocordial.</span> 
     </span>
    </p>

    <p class='ocr_par' dir='ltr' id='par_1_15' title="bbox 640 3033 1087 3358">
     <span class='ocr_line' id='line_1_47' title="bbox 674 3033 1087 3095; baseline -0.002 -13"><span class='ocrx_word' id='word_1_268' title='bbox 674 3041 696 3082; x_wconf 88' lang='lat'>5.</span> <span class='ocrx_word' id='word_1_269' title='bbox 713 3033 812 3081; x_wconf 80' lang='lat' dir='ltr'>Tum-</span> <span class='ocrx_word' id='word_1_270' title='bbox 818 3040 1001 3095; x_wconf 81' lang='lat' dir='ltr'>proruperunt,</span> <span class='ocrx_word' id='word_1_271' title='bbox 1010 3033 1087 3081; x_wconf 88' lang='lat' dir='ltr'>main-</span> 
     </span>
     <span class='ocr_line' id='line_1_48' title="bbox 641 3097 1087 3171; baseline 0.002 -25"><span class='ocrx_word' id='word_1_272' title='bbox 641 3107 725 3146; x_wconf 81' lang='lat' dir='ltr'>lcnanl</span> <span class='ocrx_word' id='word_1_273' title='bbox 743 3099 824 3171; x_wconf 75' lang='lat' dir='ltr'>(apres</span> <span class='ocrx_word' id='word_1_274' title='bbox 840 3099 876 3146; x_wconf 88' lang='lat' dir='ltr'>les</span> <span class='ocrx_word' id='word_1_275' title='bbox 888 3097 1014 3147; x_wconf 77' lang='lat' dir='ltr'>dernieros</span> <span class='ocrx_word' id='word_1_276' title='bbox 1026 3114 1087 3147; x_wconf 90' lang='lat' dir='ltr'>uou-</span> 
     </span>
     <span class='ocr_line' id='line_1_49' title="bbox 642 3163 1087 3238; baseline 0.002 -25"><span class='ocrx_word' id='word_1_277' title='bbox 642 3163 725 3224; x_wconf 77' lang='lat' dir='ltr'>velles)</span> <span class='ocrx_word' id='word_1_278' title='bbox 746 3164 776 3211; x_wconf 85' lang='lat' dir='ltr'>ils</span> <span class='ocrx_word' id='word_1_279' title='bbox 795 3179 823 3222; x_wconf 48' lang='lat' dir='ltr'>‚se</span> <span class='ocrx_word' id='word_1_280' title='bbox 840 3163 1025 3238; x_wconf 78' lang='lat' dir='ltr'>pre&#39;cipiterent.</span> <span class='ocrx_word' id='word_1_281' title='bbox 1052 3165 1087 3214; x_wconf 85' lang='lat' dir='ltr'>Le</span> 
     </span>
     <span class='ocr_line' id='line_1_50' title="bbox 640 3228 1086 3294; baseline 0.007 -19"><span class='ocrx_word' id='word_1_282' title='bbox 640 3230 705 3294; x_wconf 92' lang='lat' dir='ltr'>plus·</span> <span class='ocrx_word' id='word_1_283' title='bbox 727 3228 857 3293; x_wconf 82' lang='lat' dir='ltr'>uc-parlan</span> <span class='ocrx_word' id='word_1_284' title='bbox 871 3245 972 3293; x_wconf 77' lang='lat' dir='ltr'>mai-que</span> <span class='ocrx_word' id='word_1_285' title='bbox 984 3229 1007 3277; x_wconf 83' lang='lat' dir='ltr'>la</span> <span class='ocrx_word' id='word_1_286' title='bbox 1020 3228 1086 3294; x_wconf 82' lang='lat' dir='ltr'>rapi-</span> 
     </span>
     <span class='ocr_line' id='line_1_51' title="bbox 641 3245 1006 3358; baseline 0.003 -16"><span class='ocrx_word' id='word_1_287' title='bbox 641 3294 692 3343; x_wconf 75' lang='lat' dir='ltr'>diis</span> <span class='ocrx_word' id='word_1_288' title='bbox 706 3245 738 3342; x_wconf 65' lang='lat' dir='ltr'>de</span> <span class='ocrx_word' id='word_1_289' title='bbox 751 3293 1006 3358; x_wconf 80' lang='lat' dir='ltr'>l&#39;acromplissernent.</span> 
     </span>
    </p>

    <p class='ocr_par' dir='ltr' id='par_1_16' title="bbox 640 3358 1083 3490">
     <span class='ocr_line' id='line_1_52' title="bbox 676 3358 1083 3420; baseline 0.01 -14"><span class='ocrx_word' id='word_1_290' title='bbox 676 3367 728 3407; x_wconf 72' lang='lat' dir='ltr'>u.</span> <span class='ocrx_word' id='word_1_291' title='bbox 755 3368 776 3408; x_wconf 86' lang='lat'>1.</span> <span class='ocrx_word' id='word_1_292' title='bbox 803 3358 895 3417; x_wconf 85' lang='lat' dir='ltr'>Arma,</span> <span class='ocrx_word' id='word_1_293' title='bbox 921 3370 1083 3420; x_wconf 70' lang='lat' dir='ltr'>affirmante,</span> 
     </span>
     <span class='ocr_line' id='line_1_53' title="bbox 640 3424 1065 3490; baseline 0.002 -18"><span class='ocrx_word' id='word_1_294' title='bbox 640 3424 797 3490; x_wconf 77' lang='lat' dir='ltr'>preparatils.</span> <span class='ocrx_word' id='word_1_295' title='bbox 1063 3438 1065 3442; x_wconf 85' lang='lat'>·</span> 
     </span>
    </p>

    <p class='ocr_par' dir='ltr' id='par_1_17' title="bbox 673 3490 934 3550">
     <span class='ocr_line' id='line_1_54' title="bbox 673 3490 934 3550; baseline 0.011 -12"><span class='ocrx_word' id='word_1_296' title='bbox 673 3498 694 3538; x_wconf 76' lang='lat'>2.</span> <span class='ocrx_word' id='word_1_297' title='bbox 714 3490 741 3539; x_wconf 88' lang='lat' dir='ltr'>V.</span> <span class='ocrx_word' id='word_1_298' title='bbox 756 3490 780 3550; x_wconf 90' lang='lat' dir='ltr'>l,</span> <span class='ocrx_word' id='word_1_299' title='bbox 794 3497 830 3550; x_wconf 83' lang='lat'>36,</span> <span class='ocrx_word' id='word_1_300' title='bbox 845 3499 903 3541; x_wconf 78' lang='lat' dir='ltr'>note</span> <span class='ocrx_word' id='word_1_301' title='bbox 912 3498 934 3541; x_wconf 84' lang='lat'>6.</span> 
     </span>
    </p>
   </div>
   <div class='ocr_carea' id='block_1_12' title="bbox 0 0 1178 3922">
    <p class='ocr_par' dir='ltr' id='par_1_18' title="bbox 0 0 1178 3922">
     <span class='ocr_line' id='line_1_55' title="bbox 0 0 1178 3922; baseline 0 2"><span class='ocrx_word' id='word_1_302' title='bbox 0 0 1178 3922; x_wconf 95' lang='lat' dir='ltr'> </span> 
     </span>
    </p>
   </div>
  </div>
 </body>
</html>
