2346 3922
180 187 240 247 162
403 206 546 249 coannnn
567 207 668 250 racrrr
688 207 903 252 maronianum
945 198 949 205 ’

176 333 330 407 praecipua
351 333 451 392 Primi
465 337 622 395 Antonii¹.
652 337 681 395 Is
702 337 822 412 legibus
838 340 971 396 nocens²
991 340 1025 396 et
1043 340 1121 397 tem·

176 449 249 505 pore
278 432 410 490 Neronis
435 433 524 492 falsi³
553 435 713 493 damnatus
743 436 825 494 inter
849 435 912 495 alia
936 435 1011 494 belli
1038 436 1123 495 mala

176 531 363 589 senatorium
378 533 514 591 ordinem
529 535 768 609 reciperaverat.
786 535 976 610 Praepositus
987 553 1007 594 a
1019 534 1121 594 Galba

176 630 313 704 septimae
327 629 441 704 legioni
457 631 648 706 scriptitasse
671 632 784 691 Othoni
800 633 992 701 credebatur,
1010 633 1121 691 ducem

176 744 208 784 se
223 727 362 801 partibus
377 727 520 796 offeram,
549 746 568 786 a
588 746 648 803 quo
670 728 827 803 neglectus
853 729 885 786 in
912 729 996 787 nullo
1023 729 1118 788 Otho·

176 823 261 881 niani
281 823 353 881 belli
374 839 430 881 usn
445 823 515 882 init.
543 825 735 882 Labantibus
751 824 871 884 Vitellii
892 825 984 883 rebus
998 826 1116 899 Vespa·

176 922 295 980 sianum
310 925 431 980 secutus
452 923 567 996 grande
586 925 789 981 momentum⁴
812 923 945 992 addidit,
970 926 1117 981 strenuus

176 1037 282 1087 manu,
306 1023 461 1078 sermone⁵
487 1024 659 1095 promptus,
688 1021 823 1079 serendae
843 1020 875 1078 in
890 1020 968 1079 alios
988 1021 1117 1079 invidiae

175 1117 302 1186 artifex,
320 1118 481 1176 discordiis
496 1121 526 1176 et
546 1119 747 1177 seditionibus
768 1121 891 1193 potens,
912 1122 1031 1194 raptor,
1055 1118 1115 1177 lar·

175 1216 267 1291 gitor,
291 1234 365 1291 paee
386 1217 552 1291 pessimus,
581 1217 659 1275 bello
675 1235 735 1275 non
758 1217 957 1292 spernendus.
986 1218 1116 1277 Juncti⁶

175 1315 245 1372 inde
261 1315 379 1375 Moesici
395 1332 430 1372 ae
446 1315 617 1373 Pannonici
637 1315 791 1373 exereitus
813 1315 1017 1374 Delmaticum
1033 1317 1114 1375 mili-

174 1413 236 1468 tem
264 1414 404 1480 traxere,
436 1429 619 1486 quamquam
648 1412 860 1470 consularibus
892 1412 1006 1487 legatis
1036 1414 1115 1473 nihil

174 1510 381 1570 turbantibus
397 1511 543 1585 Tampius
555 1510 725 1570 Flavianus
733 1510 937 1580 Pannoniam,
947 1511 1115 1587 Pompeius

175 1607 319 1665 Silvanus
335 1607 518 1666 Delmatiam
532 1608 695 1676 tenebant,
712 1609 826 1666 divites
848 1625 951 1677 senes3
976 1608 1029 1666 sed
1044 1626 1113 1683 pro-

173 1704 315 1762 curator⁷
329 1704 436 1762 aderat
448 1703 607 1762 Cornelius
623 1705 757 1774 Fuscus,
772 1705 880 1780 vigens
894 1708 1000 1774 aetate,
1019 1704 1113 1765 elaris

174 1801 356 1862 natalibus⁸.
386 1803 492 1860 Prima
511 1801 643 1876 juventa
669 1807 803 1878 quaestus
828 1804 971 1879 cupidine
992 1808 1112 1864 senato

173 1901 253 1958 rium
269 1901 405 1958 ordinem
424 1902 585 1970 exuerat⁹;
614 1901 694 1960 idem
715 1920 771 1978 pro
787 1902 885 1962 Galba
905 1902 969 1962 dux
983 1902 1113 1963 coloniae

173 2015 235 2055 suae
244 1997 276 2067 ¹⁰,
294 2016 389 2074 eaque
401 2016 503 2074 ¹opera
528 2000 774 2074 procurationem
790 2002 932 2076 adeptuS,
960 2003 1113 2076 susceptis

173 2098 355 2172 Vespasiani
376 2082 516 2173 partibus
536 2099 718 2158 acerrimam
739 2100 818 2158 bello
837 2101 933 2158 facem
954 2100 1110 2175 praetulit;

173 2214 233 2254 non
258 2200 321 2255 tam
346 2197 482 2272 praemiis
511 2197 715 2272 periculorum
744 2217 835 2274 quam
860 2198 936 2273 ipsis
964 2198 1112 2273 periculis

172 2294 261 2353 laetus
282 2313 336 2370 pro
356 2296 449 2354 certis
468 2299 498 2353 et
519 2295 591 2353 olim
613 2296 711 2370 partis
731 2314 825 2365 nova,
850 2296 1008 2371 ambigua,
1027 2297 1111 2355 anci·

172 2392 251 2466 pitia
278 2392 421 2452 malebat.
465 2394 565 2467 Igitur
593 2410 715 2451 movere
744 2397 777 2452 et
805 2396 931 2470 quatere
961 2393 1111 2469 quidquid

172 2507 299 2565 usquam
320 2509 435 2566 aegrum
455 2490 535 2551 ieret
553 2492 818 2567 aggrediuntur¹¹.
841 2492 971 2567 Scriptae
991 2491 1024 2548 in
1041 2493 1109 2551 Bri-

172 2590 310 2647 tanniam
325 2591 361 2648 ad
379 2590 678 2664 quartadecimanos,
697 2590 728 2648 in
744 2590 927 2665 Hispaniam
942 2588 980 2647 ad
995 2589 1110 2664 prima

206 2738 259 2779 80.
285 2739 304 2780 l.
328 2731 412 2780 Primi
428 2730 531 2781 Antonii
550 2745 613 2795 pour
695 2737 717 2778 7.
738 2731 901 2780 Procurateur
920 2727 951 2778 de
968 2729 992 2778 la
1013 2730 1118 2780 Panno·

171 2795 274 2846 Arctenii
284 2797 376 2845 Primi.
397 2795 456 2860 baja
473 2804 545 2844 avant
566 2796 613 2843 Au·
662 2794 712 2844 nie.
727 2795 765 2845 uf.
780 2796 803 2854 l,
818 2803 840 2852 7,
854 2804 911 2845 note
923 2803 945 2844 4.

171 2871 242 2925 geste
262 2879 293 2911 on
311 2872 395 2911 trouve
412 2859 569 2926 quelqucfois
590 2860 613 2908 le
694 2868 717 2908 8.
732 2859 993 2926 Natalibua,origine,
1007 2868 1109 2923 estpes·

171 2943 229 2975 nom
241 2928 272 2976 de
284 2929 307 2980 ia
319 2944 377 2990 pena
386 2929 457 2991 apres
470 2927 493 2975 ie
502 2941 611 2974 surnorn.
664 2923 755 2974 terieur
767 2942 797 2974 en
810 2943 838 2975 ce
850 2942 906 2975 sens
917 2929 931 2974 a
943 2925 1063 2990 Auguste.

204 3001 226 3040 2.
246 2993 373 3057 Coupabie
389 2992 479 3041 devant
492 2992 528 3039 les
540 2989 595 3039 lois.
696 2997 717 3038 9.
737 2992 813 3041 Parce
827 3007 875 3056 que
887 2991 923 3040 les
933 2993 1061 3041 sennicurs
1074 3007 1107 3040 ne

204 3066 226 3106 3.
246 3059 315 3107 Falci
333 3074 397 3122 pour
412 3057 487 3106 crime
499 3056 530 3104 de
544 3055 611 3104 laur.
664 3055 797 3118 pouvaient
817 3073 860 3121 pas
879 3055 940 3105 loire
956 3056 988 3105 de
999 3055 1107 3120 grandes

202 3131 224 3172 4.
245 3124 346 3173 Grande
366 3130 529 3179 canonicatum,
554 3120 612 3169 d'un
663 3121 804 3185 operations
816 3121 847 3170 dc
859 3137 1004 3170 commarca.

170 3189 247 3253 grand
261 3189 341 3254 poids.
355 3188 393 3237 Gi.
408 3189 431 3245 1,
446 3195 486 3245 59,
501 3196 558 3236 note
571 3195 593 3236 3.
697 3195 731 3234 10.
752 3187 772 3236 ll
791 3204 818 3236 se
835 3187 934 3236 declara
949 3203 1012 3251 pour
1026 3187 1107 3237 Galba

203 3263 225 3303 5.
245 3257 335 3312 Manu,
355 3270 475 3302 sermone.
500 3253 528 3301 V.
550 3268 613 3317 pour
662 3253 676 3299 a
694 3252 718 3300 la
736 3256 784 3302 tote
797 3252 828 3301 de
846 3269 872 3301 sa
887 3253 943 3301 ville
956 3254 1047 3309 natale,
1060 3253 1105 3317 qui

170 3320 466 3384 l'entre-cr·oisement,gr.
475 3318 610 3376 deT.§lt5.
662 3316 720 3365 e'tait
733 3334 782 3365 une
794 3317 890 3367 colonie
908 3317 1027 3368 romaine.

120 3407 122 3410 ·
202 3393 224 3433 6.
246 3387 344 3443 Jnncti,
372 3384 440 3440 unis,
465 3383 612 3433 e’est-t-dire
697 3383 1105 3445 ll.Apprcdinntnrsc.Antonius

170 3462 242 3521 apiant
260 3452 304 3502 lait
320 3467 393 3501 cause
405 3466 543 3512 commune.
662 3459 686 3498 et
704 3449 806 3501 Fuscus.
