2346 3922
200 221 240 281 72
423 233 567 277 conanum
587 233 688 276 rnomi
709 231 921 276 msronmnum

200 361 424 422 dissimulantis
450 362 601 438 principis
629 362 728 422 fama²
754 363 889 439 periculo
917 361 1059 436 exempta
1079 359 1137 419 est.

202 461 355 536 Magistra
375 459 538 517 libidinum
553 460 703 531 Neronis,
731 464 925 537 transgressa
950 460 983 517 in
1003 457 1141 516 Africam

119 559 120 562 ’
201 559 239 616 ad
262 557 471 630 instigandum
490 557 522 614 in
542 559 648 615 arma3
668 558 807 617 Olodium
828 559 982 625 Macrum,
1011 554 1139 613 iamam⁴

201 654 312 730 populo
337 656 476 712 Romano
502 655 582 712 haud
608 656 735 714 obscure
760 656 882 724 molita,
910 654 1008 713 totius
1033 653 1141 728 postea

202 754 340 812 civitatis
359 753 492 828 gratiam
507 752 658 823 obtinuit,
686 753 840 812 consulari
855 751 1052 811 matrimonio
1072 749 1140 813 sub-

203 853 277 909 nixa
305 854 336 909 et
364 851 444 926 apud
470 851 614 920 Galbam,
643 853 809 921 Othonem,
836 851 997 911 Vitellium
1025 848 1139 917 illaesa,

201 969 273 1008 mox
291 952 399 1025 potens
420 950 549 1024 pecunia
569 953 599 1008 et
614 951 777 1021 orbitate⁵,
795 968 862 1026 quae
880 950 969 1008 bonis
990 946 1141 1022 malisque

203 1048 392 1125 temporibus
402 1046 494 1123 juxta
509 1048 624 1109 valent.

244 1172 294 1231 74.
320 1170 442 1229 Orebrae
467 1169 593 1228 interim
618 1170 649 1227 et
674 1169 892 1228 muliebribusl
922 1164 1142 1227 blandimentis

203 1270 325 1328 infectae
349 1269 387 1326 ab
415 1269 534 1328 Othone
559 1268 597 1325 ad
622 1267 783 1327 Vitellium
809 1267 949 1342 epistulae
974 1266 1143 1325 offerebant

202 1369 362 1444 pecuniam
388 1369 418 1424 et
444 1366 577 1442 gratiam
603 1368 634 1425 et
658 1384 876 1441 quemeumque
901 1366 1015 1441 quietis
1040 1350 1168 1422 loeum'

204 1466 340 1541 prodigae
367 1465 441 1523 vitae
469 1464 614 1540 legisset,
647 1465 735 1539 paria
763 1464 909 1524 Vitellius
944 1463 1140 1522 ostentabat:

205 1564 303 1640 primo
322 1562 473 1632 mollius²,
502 1563 598 1621 stulta
622 1563 778 1638 utrimque
797 1566 828 1621 et
848 1563 992 1621 indecora
1018 1560 1141 1620 simula·

204 1663 306 1731 tione,
323 1679 394 1720 mox
413 1663 501 1736 quasi
516 1662 655 1727 rixantes
677 1664 784 1736 stupra
805 1664 836 1720 et
855 1661 976 1738 flagitia
997 1660 1029 1718 in
1044 1660 1142 1718 ricem

205 1759 411 1835 objectavere,
429 1762 537 1818 neuter
551 1759 639 1821 falso.
672 1761 767 1830 Otho,
784 1761 937 1818 revocatis
953 1775 1028 1834 quos
1043 1757 1143 1818 Galba

205 1860 333 1918 miserat
347 1859 473 1933 legatis,
487 1875 593 1917 rursus
608 1859 685 1917 alios
700 1859 738 1921 ad
754 1861 916 1934 utrumque
928 1857 1144 1918 Germanicum

206 1957 376 2016 exereitum
395 1959 426 2016 et
446 1958 484 2016 ad
503 1958 654 2034 legionem
677 1957 818 2017 Italicam
843 1975 954 2032 easque
974 1974 1042 2033 quae
1062 1956 1142 2032 Lug-

206 2056 281 2113 duni
309 2056 444 2132 agebant
471 2055 575 2130 eopias
605 2055 724 2130 speeiel
752 2056 876 2113 senatus
905 2054 1000 2115 misit.
1032 2053 1142 2128 Legati

206 2155 286 2230 apud
299 2153 458 2214 Vitellium
472 2170 661 2223 remansere,
675 2151 863 2229 promptius⁴
880 2170 970 2228 quam
981 2155 1016 2210 ut
1029 2151 1143 2211 retenti

206 2253 401 2322 viderentur;
418 2251 614 2328 praetoriani,
632 2269 707 2327 quos
722 2270 777 2327 per
793 2251 1018 2310 simulationem
1033 2250 1144 2309 officii⁵

206 2350 318 2427 legatis
334 2350 414 2409 Otho
429 2348 627 2425 adjunxerat,
644 2349 765 2407 remissi
786 2351 950 2423 antequam
971 2348 1145 2422 legionibus

208 2449 421 2506 miscerentur.
441 2447 568 2505 Addidit
582 2447 748 2522 epistulas⁶
762 2446 878 2505 Fabius
892 2446 1006 2506 Valens
1021 2447 1145 2506 nomine

242 2603 265 2645 2,
283 2596 395 2645 Aduerso
405 2623 439 2633 -
449 2597 533 2660 foma,
551 2612 583 2645 au
595 2595 650 2662 prix
732 2603 754 2645 2.
774 2596 861 2645 Primo
877 2597 988 2654 mollins,
1005 2584 1084 2662 ils's'y
1095 2596 1145 2662 pri-

209 2661 427 2711 delarenommee
442 2661 476 2710 du
494 2661 592 2736 prinae,
608 2661 650 2727 qui
700 2671 756 2709 rent
784 2660 886 2711 d'abord
914 2670 969 2710 tous
996 2661 1063 2710 doux
1087 2677 1146 2712 avec

209 2728 237 2777 fit
249 2727 370 2776 semblent
385 2727 417 2775 de
429 2736 482 2776 tout
494 2742 600 2791 lgnorer.
700 2743 767 2776 assez
779 2727 810 2775 de
822 2726 941 2776 douceur.

242 2801 265 2844 3·
285 2792 375 2842 effinse
387 2791 474 2842 Galba·
490 2792 518 2841 v·
529 2792 568 2842 Ch·
583 2799 605 2840 7·
734 2816 756 2858 3.
775 2808 859 2871 Specie
875 2815 984 2866 senatus,
998 2808 1146 2873 pretendue·

240 2865 263 2908 4.
283 2859 348 2907 Pour
357 2858 469 2906 soulever
478 2857 555 2906 Rome
567 2867 651 2907 contro
701 2881 769 2922 ment
782 2889 813 2922 a„
826 2889 883 2923 nom
898 2872 932 2922 du
945 2876 1024 2924 δέω

210 2924 301 2982 Galba,
310 2923 358 2972 elle
365 2922 429 2971 avait
440 2923 567 2971 cherchea
579 2921 653 2972 lana-

209 3005 271 3047 mer,
282 3005 313 3037 on
326 2987 415 3037 faisant
427 2986 518 3037 retenir
529 2988 564 3038 les
577 2996 653 3036 trans·
702 2963 756 3070 G4'
774 2956 927 3048 ‚mmmm
953 2971 1028 3018 quam
1054 2960 1097 3036 m,
1111 2953 1143 3020 (V-

210 3063 278 3119 ports
304 3054 336 3102 de
364 3053 406 3103 ble'
434 3053 496 3102 dans
521 3053 557 3103 les
585 3062 652 3118 ports
724 3029 787 3070 ‘mn‘
802 3028 851 3078 ¹⁵⁵⁵
866 3020 902 3084 ²)⁹
921 3035 979 3069 ”0⁰
1001 3029 1056 3086 “⁰1³
1072 3019 1146 3071 dem·

212 3117 349 3182 erique·
702 3094 854 3151 pressoment
865 3100 929 3150 pour
940 3102 1020 3150 que...

244 3193 266 3233 5,
285 3185 360 3233 Etant
377 3199 433 3231 sans
457 3182 583 3243 hgrjtjffl,
605 3184 653 3233 ene
735 3175 757 3217 5.
774 3167 837 3217 Sous
850 3169 962 3231 protento
974 3167 1005 3216 de
1018 3165 1146 3216 leurfaire

211 3248 271 3298 etait
283 3248 429 3297 recherchte
442 3247 473 3297 de
485 3264 547 3297 ceux
559 3247 602 3313 qui
618 3265 655 3298 es·
703 3233 824 3290 h⁰¹¹¹¹⁰1¹b
842 3231 903 3311 mill?
923 3232 1067 3306 Γόθῌθῐῃθῃῑ
1084 3247 1146 3297 1³⁰⁰r

212 3313 324 3379 pgraiem
347 3329 396 3362 une
425 3313 495 3379 place
518 3313 580 3363 dans
608 3329 653 3364 501,
703 3297 1146 3363 gaguerleslegionnairesdlaeause

212 3388 351 3429 sentement.
704 3363 819 3414 d'02h0n·

249 3451 301 3494 u.
315 3452 336 3495 1.
350 3444 397 3494 llos
417 3458 519 3495 araneos
539 3443 653 3512 indignes
736 3451 759 3495 6.
778 3445 918 3508 Epistulas,
940 3459 990 3495 une
1009 3443 1091 3497 lettre.
1115 3445 1145 3498 V.

213 3509 273 3561 d'un
285 3509 390 3561 homme.
704 3527 741 3578 gr.
755 3509 787 3561 de
798 3510 890 3570 Tacite,
904 3515 964 3569 3³⁴·
