2346 3922
113 211 172 273 156
335 227 478 272 consumi
499 229 599 273 ramur
620 229 832 273 rusroruunuu

151 361 203 418 79.
228 359 356 418 Initium
366 361 483 419 ferendi
495 361 533 418 ad
544 360 768 435 Vespasianum
780 362 903 437 imperii
913 361 1046 422 Alexan·

112 456 187 514 driae
220 457 381 531 coeptum¹,
417 456 583 515 festinante
613 456 738 515 'liberio
767 457 959 528 Alexandro,
996 459 1049 534 qui

111 553 252 613 kalendis
267 555 360 614 Juliis
375 557 565 613 sacramento
581 554 646 630 ejus
665 555 801 629 legiones
818 557 932 632 adegit.
960 556 1052 632 Isque

111 652 229 727 primus
240 653 433 728 principatus
446 653 512 711 dies
527 654 558 710 in
574 656 729 727 posterum
741 654 927 724 celebratus,
946 673 1050 731 quam·

112 751 160 808 vis
188 751 342 811 Judacicus
371 751 526 809 exercitus
554 753 662 826 quinto
692 769 788 810 nonas
819 752 939 813 Julias²
968 755 1050 828 apud

112 849 212 924 ipsum
233 849 383 924 jurasset,
407 867 443 907 eo
460 849 570 906 ardore
596 852 630 906 ut
651 866 688 907 ne
708 851 798 910 Titus
822 851 945 925 quidem
966 851 1051 916 filius

113 951 353 1022 exspectaretur,
386 948 496 1023 Syria3
525 965 664 1005 remeans
691 950 721 1005 et
747 948 945 1007 consiliorum
968 949 1052 1007 inter

114 1046 290 1105 Mucianum
305 1063 340 1104 ac
355 1050 473 1120 patrem
489 1046 626 1104 nuntius.
651 1046 769 1105 Cuncta
783 1048 898 1122 impetu
914 1046 1050 1104 militum

113 1147 197 1212 acta,
215 1162 275 1202 non
290 1148 400 1219 parata
414 1145 585 1212 contione⁴,
603 1162 663 1202 non
678 1144 848 1220 conjunctis
862 1145 1048 1220 legionibus,

154 1247 203 1306 80.
229 1246 308 1303 Dum
333 1246 482 1320 quaeritur
504 1249 640 1320 tempus,
668 1245 767 1314 locus,
791 1246 929 1321 quodque
954 1245 987 1302 in
1013 1263 1049 1302 re

112 1344 170 1403 tali
185 1342 397 1402 difficillimum
422 1346 484 1413 est,
513 1344 613 1418 prima
633 1360 709 1413 von,
738 1345 809 1403 dum
835 1344 937 1402 auimo
963 1361 1049 1419 spec,

113 1443 216 1510 timor,
240 1440 350 1509 ratio¹,
373 1458 461 1499 casus
487 1442 700 1510 obversantur,
728 1459 883 1516 egressum
909 1441 1051 1499 cubiculo

114 1539 336 1614 Vespasianum
362 1539 451 1612 pauci
477 1537 607 1607 milites,
631 1538 721 1596 solito
737 1539 922 1597 'assistentes
943 1538 1060 1596 ordine

113 1640 149 1695 ut
172 1637 307 1712 legatum
333 1635 514 1705 salutaturi,
540 1636 755 1710 imperatorem
776 1635 966 1703 salutavere;
983 1638 1051 1693 tum

39 1751 41 1754 ·
108 1733 207 1792 ceteri
236 1744 413 1801 accurrere,
442 1733 592 1791 Caesarem
618 1736 648 1792 et
672 1735 865 1808 Augustum2
890 1739 921 1792 et
946 1735 1052 1791 omnia

112 1833 305 1910 principatus
320 1831 469 1890 vocabula
483 1832 648 1892 cumulare.
677 1834 784 1892 Mens³
805 1851 824 1891 a
839 1836 922 1916 metu
935 1833 974 1890 ad
989 1833 1051 1890 for-

42 1950 46 1957 ·
111 1935 219 1991 tunam
239 1932 427 2000 transierat;
456 1931 487 1988 in
513 1931 579 2006 ipso
605 1931 682 1990 nihil
707 1933 873 2001 tumidum,
898 1949 1051 2007 arrogans

113 2033 168 2089 aut
193 2030 224 2089 in
250 2031 341 2089 rebus
371 2030 460 2088 novis
489 2047 601 2088 novum
626 2031 695 2090 fuit.
728 2031 771 2091 Ut
796 2032 927 2105 primum
952 2033 1051 2090 tautae

113 2130 294 2189 mutationis
314 2129 440 2187 offusam
461 2127 557 2187 oculis
576 2129 738 2203 caliginem
759 2128 910 2203 disjecit⁴,
935 2129 1049 2188 milita-

113 2227 191 2285 riter
225 2227 345 2285 locutus
379 2226 451 2284 laeta
489 2226 592 2284 omnia
628 2229 659 2284 et
694 2225 873 2285 affluential
909 2228 1048 2302 excepit3

114 2342 245 2401 namque
266 2325 296 2383 id
318 2326 437 2400 ipsum⁶
453 2324 613 2401 opperiens
635 2325 796 2383 Mucianus
815 2325 948 2384 alacrem
969 2326 1049 2383 mili-

113 2426 176 2481 tem
195 2424 227 2482 in
249 2424 344 2483 verba
358 2423 541 2500 Vespasiani
562 2423 675 2498 adegit.
704 2425 782 2482 Tum
796 2424 1052 2483 Antiochensium

113 2523 269 2582 theatrum
288 2523 458 2598 ingressuS,
482 2522 534 2580 ubi
550 2522 613 2581 illis
627 2522 800 2581 consultare
814 2541 879 2581 mos
894 2526 955 2593 est,
978 2541 1048 2581 con-

114 2626 276 2700 currentes
297 2623 380 2682 etin
402 2620 608 2680 adulationem
630 2622 740 2680 effusos
764 2622 944 2698 alloquitur,
971 2624 1049 2682 satis

148 2770 199 2812 w.
220 2771 241 2811 l.
261 2763 377 2812 Initium·
394 2768 507 2824 coeptum.
526 2760 554 2810 V.
636 2769 658 2810 3.
677 2761 784 2812 Mens-
796 2764 943 2823 transierat,
952 2764 986 2813 les
996 2779 1050 2814 sen·

48 2852 51 2857 ¹
112 2846 148 2896 gr.
162 2829 194 2878 de
206 2828 263 2877 Tac.
284 2835 333 2877 172.
604 2826 702 2876 timeuts
712 2827 753 2892 (de
765 2845 804 2878 ses
813 2827 1050 2904 partisanspavaient

146 2903 168 2943 2.
193 2896 285 2955 Quinto
308 2908 387 2942 nonos
406 2893 501 2950 Julius,
532 2894 556 2943 le
604 2896 674 2958 passe
684 2893 716 2941 de
731 2895 755 2942 la
769 2904 862 2944 crarnte
878 2897 892 2942 d
909 2895 933 2944 la
950 2896 1050 2948 fortune

112 2969 126 3010 3
134 2959 227 3022 juillet.
250 2960 278 3008 V.
292 2959 377 3008 Gautr.
393 2965 442 3009 193.
602 2982 636 3001 =
647 2962 661 3007 d
673 2959 696 3007 la
709 2959 836 3010 conhauce
848 2977 878 3009 en
899 2960 921 3009 la
938 2961 1047 3012 fortune.

145 3034 168 3075 3.
186 3026 275 3088 Syrio,
299 3024 349 3074 abl.
369 3026 383 3071 d
401 3025 424 3073 la
442 3023 555 3089 question
635 3032 657 3072 4.
679 3025 977 3088 tu-dujeciaaussitor
988 3029 1049 3092 qu'il

112 3094 191 3148 unm,
205 3091 328 3139 contraire
344 3089 462 3154 al'usage
474 3088 506 3138 de
518 3088 556 3138 Ci·
603 3098 646 3138 eut
659 3088 752 3154 dissipe
772 3092 795 3140 le
810 3108 890 3156 nuage
910 3092 967 3157 qui,
990 3098 1004 3142 d
1026 3095 1049 3143 la

112 3159 187 3206 ceron
199 3164 223 3204 et
235 3155 266 3204 de
278 3156 396 3204 Selluste.
416 3155 454 3204 Cf.
473 3171 510 3220 gr.
524 3155 556 3204 de
603 3154 667 3204 suite
685 3155 716 3204 de
734 3172 762 3205 ce
779 3157 856 3222 grand
870 3158 1046 3224 changement,

112 3222 170 3270 Tac.
184 3229 220 3271 37.
603 3219 779 3270 obscurcissait
792 3238 818 3272 sa
830 3240 885 3272 rue.

145 3295 168 3336 4.
188 3287 286 3343 Contio,
298 3302 348 3336 non
357 3301 402 3351 pas
414 3285 554 3352 harengum
636 3293 657 3335 5.
675 3286 826 3351 Afflrceotio,
840 3289 857 3338 il
870 3297 940 3347 recut
951 3292 981 3339 de
994 3297 1049 3340 tous

112 3351 174 3403 mais
185 3349 330 3402 assemble‘e.
602 3351 663 3401 odtc's
675 3351 719 3401 des
732 3355 858 3404 nouvelles
869 3355 1013 3404 hcureuses.

147 3424 202 3466 0⁰.
222 3426 242 3466 l.
256 3417 342 3475 Ratio,
363 3417 387 3466 le
399 3417 488 3466 calcul.
635 3425 657 3466 6.
678 3418 707 3466 ld
719 3421 814 3481 iprum,
837 3421 861 3469 la
880 3422 995 3472 nouvelle
1016 3421 1049 3471 de

146 3491 167 3536 2.
180 3483 554 3551 Aequatuorsceumcolutore.
602 3500 630 3536 ce
643 3483 686 3551 qui
699 3483 777 3536 s'e'tait
788 3489 869 3551 passe.
