2346 3922
1004 231 1063 295 167

114 375 359 438 contradicere.
391 379 519 438 irrisere
541 378 678 454 plerique
700 375 921 452 impudentiam
940 381 1061 441 aemula-

114 474 234 544 tionis;
262 476 333 536 aliis
362 477 393 535 id
422 477 521 552 ipsum
550 477 707 552 placebat,
735 476 814 550 quod
844 478 995 538 neminem
1024 501 1063 540 ex

115 571 378 648 praepotentibus,
393 576 444 634 sed
456 573 622 634 Thraseam
637 575 675 633 ad
691 575 847 650 exemplar
861 593 942 634 verae
957 579 1063 654 gloriae

116 669 262 749 legisset.

129 829 131 833 ,
160 780 214 838 92.
239 781 455 856 Praeposuerat
474 782 668 857 praetorianis
690 781 859 839 Publilium
880 783 1062 844 Sabinuma

118 875 304 949 praefectura
318 878 484 948 cohortis1,
513 878 630 937 dulium
657 878 797 936 Priscum
822 882 888 937 tum
909 882 1060 939 centurio-

121 992 203 1034 nem.
227 977 353 1036 Priscus
377 977 533 1046 Valentis,
558 977 690 1036 Sabinus
705 977 833 1034 Caecinae
848 978 950 1050 gratia
969 979 1061 1054 polle-

121 1071 211 1142 bant;
226 1073 310 1130 inter
320 1073 630 1137 discordesivitellio
643 1073 721 1131 nihil
732 1074 939 1132 auctoritatis.
954 1077 1062 1134 Munia

123 1167 246 1243 imperii
261 1158 382 1227 Caecina
397 1186 432 1228 ac
447 1171 561 1230 Valens
580 1171 720 1239 obibant,
744 1170 837 1227 olim³
857 1172 943 1229 anxii
965 1173 1059 1242 odiis,

123 1283 189 1340 quae
203 1266 284 1323 bello
302 1269 333 1324 et
353 1267 464 1325 castris
479 1267 558 1325 male
580 1267 772 1326 dissimulata
792 1269 931 1343 pravitas
951 1271 1061 1328 amico·

122 1377 190 1420 rum
205 1366 237 1421 et
255 1362 384 1421 fecunda
405 1365 567 1439 gignendis
588 1365 762 1422 inimicitiis
782 1366 894 1424 civitas
915 1370 1059 1437 auxerat,

123 1459 194 1517 dum
229 1460 377 1529 ambitu⁴,
409 1457 574 1530 comitatu',
605 1466 636 1520 et
665 1462 822 1520 immensis
842 1463 1062 1523 salutantium⁵

120 1560 297 1634 agminibus
312 1560 500 1619 contendunt
515 1565 805 1637 comparanturque,
820 1563 917 1620 variis
933 1564 965 1621 in
981 1565 1061 1621 hunc

120 1660 176 1714 aut
198 1656 285 1714 illum
305 1657 426 1716 Vitellii
447 1658 716 1727 inclinationibus;
745 1676 800 1715 nec
821 1677 963 1734 umquem
985 1662 1061 1720 satis

119 1753 367 1828 desperanter,
392 1754 444 1812 ubi
461 1754 556 1812 nimia
573 1757 630 1815 est.
656 1754 754 1812 Simul
769 1755 868 1830 ipsum
883 1757 1058 1826 Vitellium,

120 1850 233 1908 subitis
244 1849 368 1908 offensis
380 1854 433 1909 aut
445 1851 671 1926 intempestivis
683 1851 842 1910 blanditiis
854 1854 1058 1923 mutabilem⁷‚

121 1947 359 2006 'contemnebant
379 1947 626 2022 metuebantque.
654 1948 719 2006 Nec
740 1965 775 2006 eo
796 1949 920 2022 segnius
942 1951 1060 2008 invase-

121 2046 193 2101 rant
208 2043 327 2112 domos‚
351 2044 472 2112 hortos,
491 2062 621 2120 opesque
641 2045 779 2119 imperii,
807 2063 875 2103 cum
896 2046 1008 2104 flebilis
1030 2051 1061 2106 et

122 2140 234 2213 egens⁸
255 2139 404 2198 nobilium
433 2140 539 2208 turba,
557 2157 631 2215 quos
653 2141 735 2215 ipsos
754 2142 926 2217 liberosque
951 2145 1060 2219 patriae

121 2237 221 2295 ¹Galba
241 2237 433 2306 reddiderat,
457 2237 540 2296 nulla
565 2238 714 2312 principis
740 2240 950 2298 misericordia
968 2240 1059 2320 juva-

122 2339 239 2404 rentur.
273 2337 421 2393 Gratum⁹
452 2335 637 2409 primoribus
673 2337 810 2395 civitatis
846 2338 940 2396 etiam
975 2338 1059 2414 plebs

383 239 474 316 amsa
495 242 529 292 11.
554 246 620 290 one.
645 220 777 288 91-92.

124 2540 135 2553 ..
155 2497 211 2539 οἱ.
226 2498 246 2541 l.
260 2490 280 2539 Α
288 2491 444 2555 prefectum
451 2491 564 2549 collariis,

124 2554 251 2619 quieverit
268 2556 405 2605 seulement
422 2557 567 2606 commende

123 2636 172 2668 une
195 2619 296 2670 cohorte
319 2620 351 2670 de
375 2631 476 2686 troupes
499 2622 567 2671 auxi·

124 2684 216 2734 liaircs.

124 2756 130 2771 '·
155 2757 178 2799 2.
192 2751 261 2799 later
272 2752 397 2800 discordes
405 2752 436 2817 (u.
448 2766 484 2816 gr.
496 2751 528 2800 de
537 2753 565 2802 T.

125 2816 187 2879 149),
202 2815 389 2865 litteralement:
401 2817 436 2881 (se
443 2825 567 2879 trouvent)

123 2880 433 2945 entredeuxgeuerauxeu
441 2881 564 2941 discorde,

123 2945 151 2995 V.
164 2945 254 2994 u'avait
266 2946 336 3010 poiut
347 2946 487 2996 d'autorite.

154 3018 178 3060 3.
199 3009 274 3061 Olim.
288 3010 326 3060 Cf.
341 3011 364 3068 l,
375 3019 412 3070 67,
426 3020 485 3060 note
497 3019 519 3061 3.

155 3085 180 3125 4.
199 3076 566 3134 Ambra-coadorabamot

125 3141 210 3190 dmot:
223 3141 403 3205 ilsluttcntpar
411 3143 447 3191 les
459 3141 565 3191 homma-

124 3221 165 3268 gos
177 3205 251 3270 qu'ils
261 3205 384 3263 recoluerit
395 3229 428 3249 =
437 3206 467 3255 ils
475 3207 565 3255 lutteut

124 3271 192 3336 tqui
210 3270 285 3320 serait
304 3272 327 3320 le
347 3272 403 3336 plus
422 3270 563 3322 recherche.

125 3334 166 3385 cl.
186 3335 227 3386 ch.
248 3343 291 3384 64:
322 3337 418 3386 ambita
446 3339 563 3386 civitatis.

128 3438 133 3453 .
156 3409 178 3450 5.
191 3401 373 3451 salutantium.
384 3403 421 3452 On
429 3403 491 3455 voit,
502 3402 565 3451 dans

126 3463 239 3525 Juvenal,
251 3468 286 3515 les
295 3466 432 3516 courtisans
441 3483 467 3516 se
477 3477 565 3516 mettre

127 3544 155 3582 cu
167 3541 238 3583 route
249 3541 321 3583 avaut
332 3532 355 3581 le
361 3530 420 3595 jour
431 3547 495 3598 pour
503 3533 566 3582 aller

618 2491 679 2541 seire
699 2493 754 2542 leur
774 2510 835 2543 cour
858 2494 989 2558 (solatore)
1010 2511 1060 2544 aux

617 2558 727 2607 hommes
755 2559 835 2608 riehes
864 2570 888 2608 et
917 2560 1058 2624 puissants:

615 2625 736 2673 sollicitas
747 2640 777 2672 nc
790 2632 841 2674 toto
852 2628 990 2675 aolrctatria
1002 2629 1059 2688 jem

616 2690 692 2737 larba
701 2693 826 2753 peropaca
837 2691 920 2739 orbem
935 2693 1059 2740 sideribus

616 2754 697 2803 dotia
716 2755 780 2818 (Juv.
795 2756 823 2812 V,
837 2757 883 2819 20).

648 2841 670 2883 6.
689 2833 815 2892 Potentia,
828 2836 850 2882 la
863 2835 993 2899 puissance
1006 2853 1059 2902 per-

616 2900 728 2947 sonnelle
740 2899 799 2948 d'nu
812 2900 897 2950 lavari.

648 2987 669 3029 7.
690 2979 736 3041 Qui
749 2996 774 3029 se
787 2980 880 3030 laissalt
900 2983 962 3031 aller
982 2984 996 3031 d
1014 2983 1058 3033 des

615 3044 708 3119 coleres
717 3045 811 3120 suhites
823 3063 854 3096 ou
868 3051 882 3095 d
894 3047 938 3096 des
950 3063 1059 3098 earesses

615 3119 806 3174 intempestivas.

648 3197 670 3238 8.
688 3191 778 3253 Epona.
793 3193 870 3241 Leurs
882 3192 1059 3244 biensavaient

615 3257 654 3304 ete
666 3255 805 3320 causisques
817 3272 862 3321 par
873 3259 953 3308 Neron
966 3268 990 3307 et
999 3261 1059 3308 don·

616 3323 658 3368 nes
670 3321 839 3371 ddeslavoris.
852 3323 879 3373 V.
892 3325 959 3382 1,eo‚
969 3333 1056 3374 note2.

647 3410 669 3450 9.
690 3403 807 3460 Gratum,
841 3403 944 3467 adjectif
971 3391 1058 3455 neutra

614 3468 726 3534 cmploye
735 3483 830 3517 comme
842 3469 983 3519 substantii.
993 3471 1021 3519 V.
1032 3471 1056 3531 Ι,

614 3540 651 3592 51,
665 3542 723 3583 note
737 3541 762 3582 17
775 3544 799 3582 et
810 3550 848 3600 gr.
863 3535 895 3584 de
906 3535 963 3584 Tac.
978 3543 1014 3586 53.
