2346 3922
121 237 160 294 86
225 221 228 227 ’
339 246 482 293 eoauumt
503 246 603 291 uacum
624 246 838 292 ntsronianum

120 379 220 457 ger¹⁴,
234 379 383 439 bellorum
395 378 545 449 insolenS,
558 378 805 438 auctoritatemll
816 377 959 448 Paulini,
973 377 1058 456 vigo.

119 497 183 537 rem
198 478 279 538 Celsi
287 480 321 548 ¹⁶,
339 479 553 537 maturitatem
571 477 701 548 (tellit,
718 481 754 537 ut
767 479 878 554 cuique
896 481 980 562 erat,
997 477 1063 561 cri-¹.

117 576 276 648 minand0‚
295 576 375 653 quod
385 575 567 635 facillimum
582 577 665 636 factu
677 578 739 648 est,
752 594 868 654 pravus
883 580 914 636 et
925 577 1057 636 callidus

117 675 212 734 bonos
227 680 258 735 et
273 677 425 735 modestos
440 676 580 734 anteibat
588 675 621 734 ¹⁸.
837 662 840 667 ¹
991 753 992 756 Ἴ

160 774 210 833 88.
235 775 393 850 Sepositus
417 792 473 851 per
497 790 549 833 eos
569 773 634 830 dies
659 772 818 833 Cornelius
843 773 1001 832 Dolabella
1023 774 1056 832 in

119 872 269 931 coloniam
287 872 489 948 Aquinatem¹
511 889 608 947 neque
627 873 697 929 arta
716 872 854 931 custodia
873 890 970 948 neque
989 873 1055 931 obs·

119 974 211 1030 cura²
231 970 348 1029 nullum
368 971 405 1029 ob
423 970 554 1039 crimen,
577 970 628 1028 sed
645 971 768 1028 vetusto
794 971 916 1029 nomine
935 973 966 1029 et
986 989 1054 1046 pro-

118 1069 292 1144 pinquitate
308 1068 413 1128 Galbae
428 1069 627 1127 monstratus.
648 1067 764 1127 Multos
778 1087 794 1126 e
808 1069 1053 1144 magistratibus,

118 1184 261 1242 magnam
275 1167 483 1225 consularium
497 1168 616 1243 partem
632 1164 712 1224 Otho
732 1183 793 1224 non
813 1167 980 1243 participes
1001 1169 1056 1227 aut

119 1265 277 1324 ministros
296 1265 392 1334 bello,
416 1265 468 1323 sed
488 1264 633 1336 comitum
656 1263 756 1339 specie
775 1281 877 1323 secum
897 1264 1057 1347 expediri?

113 1360 219 1437 jubet,
233 1362 265 1419 in
281 1361 349 1437 quis
365 1364 396 1419 et
410 1362 540 1420 Lucium
554 1359 715 1420 Vitellium
734 1362 911 1437 eodemque
937 1365 1055 1420 ceteros

119 1458 218 1528 cultu,
236 1477 290 1517 nec
305 1461 340 1517 ut
355 1458 550 1534 imperatoris
565 1457 694 1517 fratrem
709 1476 764 1518 neo
778 1462 813 1519 ut
828 1460 935 1519 hostie.
954 1460 1055 1534 Igitur

119 1557 208 1614 motae
226 1557 312 1614 urbis
331 1574 428 1627 curae;
450 1555 552 1614 nullus
575 1557 647 1614 ordo
669 1558 752 1615 metu
771 1559 826 1616 aut
844 1557 981 1632 periculo
1003 1575 1054 1615 va-

118 1670 202 1711 cuus.
225 1654 382 1729 Primores
406 1656 532 1712 senatus
551 1657 641 1712 aetate
667 1655 796 1714 invalidi
816 1658 847 1714 et
866 1656 959 1732 longa
980 1674 1054 1732 pace

119 1752 251 1822 desides,
276 1753 378 1827 segnis
403 1755 434 1810 et
459 1752 554 1810 oblita
573 1753 722 1828 bellorum
742 1754 903 1824 nobilitas
927 1756 1055 1830 ignarus

118 1848 239 1908 militiae
253 1867 359 1926 eques,
382 1852 495 1926 quanto
515 1853 613 1926 magis
634 1853 804 1911 occultare⁴
830 1857 861 1913 et
876 1853 987 1913 abdere
1001 1871 1053 1930 pa-

117 1965 222 2006 vorem
248 1949 439 2018 nitebantur,
463 1949 673 2008 manifestius⁵
693 1951 809 2027 pavidi.
841 1951 907 2010 Nec
927 1951 1055 2010 deerant

118 2065 135 2104 e
150 2047 305 2105 contrario
330 2047 383 2123 qui
404 2047 571 2106 ambitione
585 2046 698 2107 stolida
712 2049 875 2126 conspicua
890 2067 990 2119 arma,
1008 2050 1053 2108 in-

117 2145 219 2219 signes
239 2162 346 2220 equos,
369 2145 493 2220 quidam
513 2144 687 2204 luxuriosos
706 2150 873 2222 apparatus
897 2148 1053 2206 convivio-

115 2261 183 2302 rum
203 2247 234 2304 et
251 2245 448 2304 irritamenta
468 2245 631 2303 libidinum
655 2245 690 2302 ut
715 2244 951 2304 instrumentum
980 2245 1054 2304 belli

115 2345 354 2403 mercarenturss.
373 2343 571 2420 sapientibus
586 2342 700 2418 quietis
715 2344 746 2401 et
760 2343 806 2401 rei
820 2343 950 2419 publicae
961 2362 1050 2417 cura;

113 2441 288 2501 levissimus
307 2442 435 2519 quisque
456 2445 487 2501 et
508 2441 605 2500 futuri
626 2440 815 2516 improvidus
835 2458 887 2517 spe
905 2459 987 2501 vana
1004 2448 1052 2501 tu-

153 2585 188 2627 lt.
207 2579 300 2628 Militia
320 2581 426 2642 impiper
445 2577 477 2642 (v.
497 2593 561 2643 pour
643 2587 666 2630 2.
686 2578 798 2629 Obscura
810 2580 933 2636 custodia,
953 2577 1054 2629 surveil-

117 2644 142 2693 le
155 2647 224 2709 gen,
239 2660 275 2710 gr.
285 2643 316 2693 de
326 2645 354 2694 T.
365 2646 417 2710 31):
431 2643 491 2694 actii
499 2643 560 2692 dans

118 2710 143 2758 la
156 2709 238 2759 miliae
250 2708 362 2759 urbaine.

152 2782 187 2824 15.
209 2775 396 2826 Auctoritatem.
426 2774 560 2825 Suetonius

118 2839 237 2889 Paulinus
257 2839 336 2891 s'etait
355 2839 480 2906 distingue
502 2856 559 2889 sous

117 2905 213 2954 Claude
224 2921 319 2955 comme
326 2907 419 2969 topatus
424 2908 559 2969 praetorius

118 2986 150 3019 en
168 2969 286 3034 Afrique,
304 2986 361 3019 sous
373 2971 453 3020 Neron
465 2967 560 3020 comme

117 3051 272 3100 gourerneur
291 3036 395 3100 (topatus
411 3037 559 3096 consularis)

118 3116 149 3148 en
160 3101 292 3166 Bretague,
304 3104 336 3150 od
348 3100 366 3150 il
378 3100 441 3151 avait
454 3100 560 3165 reprime

118 3181 152 3213 un
166 3167 341 3216 soulevement.
362 3166 401 3216 (11.
415 3166 473 3231 Agr.
488 3173 510 3216 5.

153 3238 188 3280 lu.
206 3231 281 3290 Celei,
300 3248 323 3280 v.
340 3231 380 3281 ch.
398 3239 433 3282 14.

153 3303 188 3346 17.
208 3295 306 3354 Gallus,
320 3296 407 3346 ancien
419 3295 514 3346 consui.

153 3367 188 3410 18.
207 3360 409 3428 Auteibot,v.gr.
417 3362 447 3410 de
456 3362 514 3418 Tac,
523 3369 559 3412 31.

153 3432 207 3474 00.
227 3433 247 3474 1.
261 3425 380 3490 Aqutuoe,
393 3426 560 3494 d‘Aquiuum,

107 3489 240 3558 municipe
249 3491 284 3541 du
295 3492 404 3545 Latium.

609 2644 680 2702 lance
696 2642 854 2702 humiliante,
877 2654 1052 2708 proprement:

610 2709 685 2776 digne
697 2710 757 2759 d’un
768 2708 866 2759 homme
881 2708 912 2758 de
924 2707 1052 2759 condition

610 2774 723 2825 obscure.
1000 2809 1003 2813 .

642 2848 664 2890 3.
683 2840 817 2902 Expediet,
849 2854 876 2888 se
898 2836 970 2888 tenir·
983 2840 1053 2903 prete

608 2920 673 2972 pour·
684 2905 761 2970 parur
772 2920 830 2954 avec
841 2904 886 2956 lui.

641 2979 663 3020 4.
684 2970 814 3020 Occultare
826 2977 848 3019 et
860 2970 962 3026 obdere,
982 2972 1052 3035 syna

609 3051 707 3101 mimos,
720 3052 743 3085 v.
757 3052 793 3100 gr.
807 3035 838 3085 de
850 3035 877 3084 T.
893 3043 942 3084 143.

642 3110 665 3150 5.
684 3102 883 3165 Manifestiue=
894 3107 964 3150 tauto
973 3103 1053 3151 meut-

609 3167 711 3232 [estius,
725 3181 745 3216 v.
759 3182 796 3231 gr.
810 3166 842 3215 de
853 3165 881 3214 T.
897 3171 946 3215 163.

643 3238 665 3278 8.
684 3233 734 3293 Qut
750 3259 783 3268 -
799 3233 943 3294 quidum-
959 3247 1054 3281 mercu-

610 3303 709 3346 reutur.
729 3298 838 3358 Quidum
854 3311 885 3345 ne
903 3306 992 3346 semet
1007 3312 1052 3362 pas

610 3377 669 3410 aueo
681 3359 949 3425 leeuhjonctiicomme
958 3365 1016 3426 qui,-
1028 3363 1053 3412 la

610 3427 699 3492 phrase
711 3435 748 3501 est
760 3426 824 3478 dono
839 3426 1053 3493 irregulieremeut

610 3500 753 3543 construite.
