2346 3922
184 205 244 269 214
408 226 550 272 CORNELII
570 228 671 272 'raom
691 228 904 272 lusronlnnum

186 375 274 417 cussa
294 357 399 416 statim
424 360 542 434 flagitio
563 362 690 422 domus:
718 381 773 438 pro
794 363 906 421 marito
927 361 1033 421 studia
1051 359 1120 420 civi·

184 455 275 524 tatis,
302 473 358 530 pro
379 456 518 516 adultero
543 459 638 517 libido
663 461 780 536 reginae
805 463 836 519 et
861 461 994 519 saevitia.
1026 460 1123 536 Igitur

185 553 338 613 Venutius
363 555 470 614 accitis
495 559 635 628 auxiliis,
664 560 755 618 simul
781 560 915 635 ipsorum
941 561 1124 634 Brigantum

186 652 355 710 defectione
379 652 410 710 in
426 657 596 715 extremum
618 657 781 716 discrimen
803 658 1055 717 Cartimanduam
1076 658 1123 716 ad-

186 751 286 809 duxit.
315 752 392 808 Tum
413 753 512 827 petita
532 772 550 811 a
570 755 718 813 Romanis
740 756 893 830 praesidia.
925 757 965 815 Et
985 755 1125 814 cohortes

186 849 301 925 alaeque
316 853 429 909 nostrae
439 854 537 912 variis
551 854 684 928 proeliiS,
702 872 843 912 exemere
856 856 978 912 tamen⁰
988 854 1125 930 periculo

186 950 338 1023 reginum3
362 966 490 1025 regnum
509 952 657 1021 Venuti0‚
682 952 793 1010 bellum
817 953 904 1010 nobis
927 953 1083 1011 relietum.

228 1049 277 1106 46.
303 1049 440 1107 Turbata
456 1067 511 1124 per
526 1050 643 1108 eosdem
660 1049 725 1108 dies
741 1052 922 1120 Germaniam
940 1053 972 1109 et
986 1051 1126 1109 socordia

188 1146 311 1215 ducum,
351 1147 501 1205 seditione
536 1130 706 1223 legionum,
738 1150 884 1207 external
913 1150 961 1217 vi,
999 1149 1128 1224 perfidia

187 1243 313 1301 sociali²
337 1261 432 1320 prope
457 1245 571 1304 afflicta
595 1247 735 1305 Romana
759 1263 819 1305 res.
852 1248 886 1306 Id
914 1247 1030 1305 bellum
1058 1264 1126 1305 cum

187 1345 287 1403 causis
303 1347 333 1403 et
345 1347 506 1404 eventibus
523 1347 645 1422 (etenim
660 1346 782 1422 longius
793 1348 971 1422 provectum
983 1345 1040 1420 est)
1056 1362 1126 1402 mox

187 1443 432 1502 memorabimus.
450 1443 535 1502 Mota
549 1446 579 1502 et
594 1445 764 1503 Dacorum3
779 1460 854 1521 gens
870 1460 1037 1516 numquam
1052 1443 1122 1511 fida,

186 1542 260 1597 tunc
276 1540 341 1598 sine
356 1543 455 1610 metu,
469 1542 598 1600 abducto
613 1542 768 1601 eMoesia⁴
783 1543 932 1600 exercitu.
950 1541 1011 1599 Sed
1026 1543 1126 1616 prima

187 1657 290 1697 rerum
305 1640 401 1715 quieti
418 1640 670 1716 speculabantur;
687 1640 739 1697 ubi
751 1639 882 1714 flagrare
897 1639 1021 1697 Italiam
1032 1638 1123 1707 bello,

187 1742 298 1797 cuncta
320 1740 351 1797 in
369 1740 468 1797 vicem
489 1739 615 1798 hostilia
634 1756 792 1814 accepere,
815 1737 1001 1813 expugnatis
1021 1738 1125 1794 eohor-

185 1837 283 1894 tium⁵
298 1837 476 1912 alarumque
492 1836 629 1894 hibernis
644 1837 774 1910 utraque
792 1835 927 1893 Danuvii
944 1835 1014 1909 ripa
1028 1835 1124 1910 potie-

186 1936 310 1997 bantur.
338 1938 467 2010 Jamque
483 1937 584 1994 castra
604 1934 759 2009 legionum
775 1932 936 1992 excindere
957 1933 1124 2006 parabant,

186 2034 218 2090 ni
231 2034 392 2092 Mucianus
404 2036 522 2092 sextam
533 2030 684 2105 legionem
696 2030 897 2105 opposuisset,
912 2029 1126 2087 Cremonensis

185 2131 325 2189 victoriae
346 2134 489 2208 gnarusss,
512 2148 548 2188 ae
569 2147 607 2186 ne
626 2131 755 2187 externa
778 2127 873 2184 moles
898 2127 1053 2201 utrimque
1080 2128 1124 2184 in·

186 2232 325 2304 grueret,
353 2231 379 2288 si
405 2232 504 2289 Dacus
530 2234 760 2304 Germanusque
784 2229 899 2287 diversi
923 2228 1122 2303 irrupissent.

186 2329 310 2399 Adfuit,
335 2332 370 2387 ut
391 2348 470 2407 saepe
491 2330 584 2399 aliae,
611 2329 736 2388 fortuna
755 2331 859 2405 populi
880 2332 1028 2401 Romani,
1057 2349 1125 2406 quae

187 2429 363 2487 Mucianum
378 2429 521 2504 viresque
542 2429 671 2487 orientis
692 2428 765 2486 illuc
779 2430 882 2500 tulit⁷,
906 2433 937 2488 et
952 2431 1032 2506 quod
1053 2432 1124 2490 Cre

186 2544 284 2585 monae
312 2528 438 2586 interim
465 2527 701 2602 transegimus⁸.
743 2529 891 2588 Fonteius
918 2529 1059 2605 Agrippa
1087 2547 1126 2587 ex

220 2680 242 2720 6.
264 2673 356 2722 Tamen
376 2682 414 2722 est
434 2675 521 2722 amend
542 2688 587 2737 par
606 2672 631 2720 le
713 2679 735 2721 5.
755 2673 913 2732 Cobortium,
949 2675 985 2723 les
1011 2672 1125 2724 cohortes

189 2738 284 2787 sensde
293 2755 445 2802 quamquam
454 2742 529 2788 eumq
539 2741 631 2800 proelia
680 2737 830 2787 auxiliaircs.
845 2740 872 2788 V.
886 2739 910 2796 l,
924 2746 965 2798 60,
979 2748 1038 2788 note
1049 2747 1073 2788 9.
1130 2785 1132 2789 ,

188 2805 295 2868 suerunt
315 2804 358 2869 qui
371 2814 407 2853 est
420 2805 481 2853 dans
493 2804 561 2852 l’abl.
576 2803 628 2852 abs.
712 2810 734 2851 6.
754 2804 856 2854 Gnarus
865 2820 894 2852 uc
905 2820 949 2863 ne,
961 2821 1011 2853 une
1020 2821 1123 2870 propos

222 2877 277 2918 w.
297 2878 318 2919 l.
331 2871 454 2919 Externa.
474 2871 493 2919 ll
506 2868 575 2944 s'agit
587 2869 631 2917 des
680 2868 781 2919 subord.
804 2869 851 2919 lice
871 2885 916 2934 par
933 2886 963 2919 ac
982 2873 1043 2919 dun
1056 2870 1122 2934 adj.:

188 2935 316 2985 Germains
337 2935 369 2984 de
388 2936 412 2984 la
428 2934 478 2984 rive
496 2935 576 2984 drortc
596 2934 630 2982 du
679 2949 753 2998 parce
772 2934 830 2999 qu'il
851 2935 914 2984 avait
935 2934 1019 3000 appuis
1037 2937 1061 2984 la
1077 2936 1124 2985 vic-

188 3000 263 3050 Rhin.
680 2999 785 3048 toirede
802 3002 935 3058 Cremona,
949 3011 974 3049 el
1005 3017 1124 3067 curque.

223 3074 244 3115 2.
258 3066 358 3116 Soctnli.
373 3066 406 3115 La
418 3063 522 3129 perfidie
534 3064 578 3112 des
587 3063 631 3113 Ba·
712 3072 735 3112 7.
754 3067 816 3114 illuc
828 3069 893 3115 tulit.
916 3066 965 3115 Des
982 3017 1049 3115 Xeux
1068 3068 1126 3117 che·

188 3140 267 3189 laves,
277 3131 321 3179 des
330 3130 449 3188 Trevires‚
459 3130 502 3178 des
512 3129 629 3194 Lingons.
679 3129 743 3178 mins
760 3140 828 3180 entre
841 3132 949 3196 lesqucls
967 3131 1065 3181 Muoien
1084 3133 1126 3183 ba·

221 3205 242 3246 3.
263 3199 336 3254 Daci,
351 3212 382 3244 au
395 3195 457 3245 nord
468 3196 502 3244 du
512 3194 629 3254 Danube,
681 3195 772 3252 lancait
783 3197 814 3261 (v.
829 3196 864 3254 ΙΙ,
876 3199 925 3263 83),
940 3196 958 3246 il
971 3197 1034 3246 avait
1046 3197 1127 3248 chuisi

187 3262 249 3310 dans
267 3262 291 3309 la
302 3261 430 3319 Valentia,
453 3262 476 3309 le
494 3259 629 3317 Moldavic,
680 3260 745 3309 celui
762 3261 793 3310 de
805 3262 889 3311 Mesie.

187 3327 211 3376 la
231 3327 404 3392 Trunsylvanie
430 3334 454 3376 et
477 3327 502 3375 la
523 3325 632 3391 Hongrie
713 3333 735 3374 8.
757 3328 943 3391 Transmonte,
955 3345 1018 3378 nous
1030 3328 1127 3379 enlini-

188 3391 316 3441 orientale.
680 3406 745 3449 mos,
770 3393 832 3442 dans
853 3393 1011 3454 lintervalle,
1035 3395 1126 3445 dGrc‘-

219 3466 242 3509 4.
261 3459 353 3508 Moesia.
371 3458 398 3506 V.
413 3457 437 3517 l,
451 3463 491 3515 79,
503 3464 561 3505 note
575 3463 595 3505 1.
679 3472 761 3507 mone.
