2346 3922
402 237 493 309 tussa
514 236 536 277 1.
559 235 624 278 cur.
650 218 779 278 11-13.
1016 213 1053 273 17

110 348 185 426 tur:
201 367 371 444 superioris
397 368 570 427 Germaniae
594 368 730 444 legiones
751 368 844 441 rupta
869 361 1052 422 sacramenti

114 467 294 525 reverentia
315 467 530 542 imperatorem
551 467 645 525 alium
660 466 802 541 flagitare
827 469 858 522 et
882 462 1003 521 senatui
1018 479 1053 518 ac

115 565 229 641 populo
260 555 399 624 Romano
428 567 591 624 arbitrium
616 565 750 639 eligendi
775 563 967 639 permittere,
995 578 1054 635 quo

118 665 230 722 seditio
241 663 364 722 mollius
378 664 579 739 acciperetur.
597 663 769 723 Maturavit
780 680 816 720 ea
831 679 879 719 res
894 659 1054 718 consilium

119 761 240 829 Galbae,
259 761 325 835 jam
340 761 459 835 pridem
473 760 510 818 de
524 761 686 835 adoptione
708 777 808 818 secum
824 760 937 816 etcum
953 756 1054 831 proxi-

118 859 177 916 mis
192 859 353 932 agitantis
385 859 456 918 Non
478 875 550 916 sane
565 858 701 916 crebrior
714 861 781 916 tota
796 857 923 914 civitate
939 855 1055 912 sermo³

117 973 174 1032 per
196 956 267 1013 illos
281 973 399 1014 menses
414 955 530 1024 fuerat,
558 956 690 1030 primum
711 950 838 1013 licentia
852 972 888 1011 ac
909 953 1054 1011 libidine⁴

119 1053 198 1112 talia
218 1052 377 1128 loquendi,
406 1053 475 1110 dein
501 1052 579 1111 fessa
600 1053 666 1127 jam
688 1056 778 1111 aetate
800 1052 915 1110 Galbae.
944 1051 1056 1109 Paucis

115 1155 269 1232 judicium
284 1158 338 1212 aut
349 1154 394 1211 rei
406 1153 535 1228 publicae
549 1171 635 1211 amor
649 1177 654 1211 :
673 1154 762 1211 multi
774 1153 870 1211 stulta
881 1170 948 1228 spe,
966 1155 1057 1227 prout

122 1254 190 1329 quis
204 1252 322 1310 amicus
336 1251 386 1309 vel
401 1251 513 1319 cliens,
541 1252 622 1309 hunc
636 1251 686 1309 vel
705 1252 792 1310 illum
817 1251 989 1309 ambitiosis
1008 1269 1056 1308 ru-

120 1351 275 1408 moribus⁵
287 1350 512 1417 destinabanti,
522 1351 615 1408 etiam
628 1351 692 1408 Titi
703 1350 777 1409 Vini
790 1350 874 1418 odic,
884 1351 936 1425 qui
949 1350 980 1406 in
993 1349 1057 1406 dies

121 1451 236 1522 quanto
252 1447 417 1521 potentior,
439 1446 543 1504 eodem
558 1450 669 1506 auctu⁷
684 1449 815 1506 invisior
834 1452 910 1506 erat.
940 1448 1058 1522 Quippe

121 1545 263 1602 hiantes8
279 1545 312 1601 in
327 1560 439 1618 magna
457 1543 580 1602 fortuna
599 1547 766 1604 amicorum
785 1547 970 1621 cupiditates
992 1547 1059 1621 ipsa

123 1643 230 1702 Galbae
257 1641 392 1723 facilitas
416 1643 609 1712 intendebat,
640 1662 708 1702 cum
735 1645 815 1719 apud
845 1645 999 1702 infirmum
1028 1647 1059 1700 et

122 1740 279 1798 credulum
295 1741 411 1797 minore
426 1744 508 1799 metu
524 1745 554 1798 et
568 1741 683 1816 majore
699 1743 824 1817 praemio
846 1745 1036 1818 peccaretur.

166 1839 215 1898 13.
242 1838 387 1896 Potentia
406 1838 597 1913 principatus
618 1840 718 1898 divisa
736 1840 785 1897 in¹
808 1841 912 1898 Titum
933 1841 1060 1900 Vinium

122 1935 294 2005 consulem,
326 1935 501 1994 Cornelium
522 1937 674 1995 Laconem
699 1939 836 2013 praetorii
866 1939 1058 2014 praefectum;

124 2051 181 2091 neo
206 2034 308 2091 minor
333 2034 436 2107 gratia
460 2033 540 2091 lcelo
556 2035 661 2093 Galbae
680 2035 806 2105 liberte,
834 2054 922 2111 quem
941 2038 1061 2095 anulis²

124 2134 271 2190 donatum
287 2134 422 2207 equestri
443 2134 565 2190 nomine
587 2134 779 2190 Marcianum
800 2135 988 2193 vocitabant.
1020 2135 1061 2192 Hi

124 2229 281 2287 discordes
306 2231 337 2286 et
357 2230 448 2286 rebus
463 2229 652 2287 minoribusi
667 2230 725 2287 sibi
754 2230 881 2304 quisque
904 2231 1063 2287 tendentes

124 2329 209 2386 circa
229 2327 391 2385 consilium
411 2327 543 2402 eligendi
566 2329 748 2388 successoris
768 2329 799 2384 in
819 2329 894 2385 duas
914 2328 1063 2385 factiones

125 2427 355 2486 scindebantur.
390 2427 501 2485 Vinius
536 2444 591 2502 pro
620 2429 663 2486 M.
692 2428 826 2495 Othone,
862 2428 942 2484 Laco
971 2430 1063 2499 atque

125 2525 227 2584 Icelus
238 2541 386 2582 consensu
401 2528 536 2583 nontam
548 2542 641 2583 unum
652 2525 801 2599 aliquem⁴
813 2524 958 2581 fovebant
972 2541 1061 2598 (piram

160 2675 182 2715 3.
203 2667 301 2723 Seruio,
322 2666 456 2715 entretiens
473 2683 572 2716 concer-
614 2675 688 2725 tolca,
712 2667 835 2733 cupiditas
855 2666 998 2715 insatiablcs
1017 2667 1061 2715 dos

127 2740 190 2780 nant
202 2731 348 2795 l'adoption.
618 2733 688 2782 amis.

161 2796 574 2872 t.Lesmolsticcatt'cocltdidiac
650 2823 701 2863 η,
722 2815 791 2863 1,1n
809 2836 842 2856 =
860 2812 932 2863 iuter.
958 2814 987 2862 V.
1022 2830 1059 2878 gr.

129 2879 160 2911 ne
179 2862 286 2911 forment
303 2877 347 2925 pas
365 2878 399 2910 un
420 2862 572 2927 hendiadys:
615 2879 646 2928 de
659 2879 751 2936 Tacite,
765 2886 776 2937 5
791 2886 840 2928 148.

130 2931 224 2994 graeca
238 2928 261 2975 la
273 2926 362 2975 liberte‘
373 2928 495 2991 complete
507 2936 531 2976 ct
543 2943 574 2975 au
649 2968 671 3008 2.
684 2959 773 3008 Anah-3
781 2976 815 3008 sc·
825 2961 919 3007 aurei&
929 2960 962 3006 Le
971 2959 1062 3022 pluriel

129 2992 467 3057 ponebantprouonce'de...
637 3043 641 3051 ,
769 3028 773 3038 ,
899 3024 903 3033 ·
1005 3041 1009 3051 1
1050 3028 1053 3037 ,

163 3068 185 3107 5·
204 3059 275 3106 Δηώ.
301 3058 455 3114 mmm-hm,
486 3073 516 3106 en
540 3059 576 3105 Γῤ-
617 3025 931 3099 estamploycparTacne
947 3039 1005 3087 pour
1024 3025 1065 3073 de·

179 3124 196 3171 d
252 3123 268 3170 d
308 3122 324 3170 b
358 3121 405 3168 -ῐ-
443 3125 463 3150 ,,
511 3126 515 3137 ,
617 3106 700 3154 signer
722 3088 905 3138 l'anncaud'or
930 3091 1000 3152 portc‘
1019 3106 1064 3152 par

130 3139 177 3236 pag
198 3133 241 3236 Ἢ
270 3139 296 3200 ‘fs
326 3139 363 3170 ΠΗ
376 3139 387 3169 ⁸
399 3132 539 3171 me'esses'
617 3156 653 3203 lcs
665 3154 799 3203 chevaliers
820 3170 913 3204 comme
924 3153 1020 3218 insigne
1033 3155 1064 3203 de

180 3226 185 3236 .
234 3188 374 3236 catmcdcnt
398 3204 432 3236 sc.
456 3204 575 3238 cccccccc-
618 3221 626 3268 l
668 3237 672 3248 ,
684 3220 708 3268 d·
747 3219 779 3267 ,ω

131 3271 192 3312 rem,
206 3252 362 3366 designaiegt
374 3268 467 3301 comme
480 3269 546 3302 succ.
628 3237 668 3350 ⁰⁸3¹
689 3236 861 3365 §gamm
894 3318 921 3376 fr
942 3300 1000 3349 Μ
1020 3309 1047 3350 41

163 3328 185 3366 7.
222 3325 335 3366 tcurttoco
354 3333 391 3365 cm
408 3327 494 3375 caetu,
531 3336 577 3368 cur
669 3340 674 3349 ·
711 3338 716 3349 ·
840 3338 882 3376 μ’
902 3340 929 3364 ι·
1005 3339 1010 3350 ·
1057 3321 1062 3348 ²

133 3321 291 3448 pexpssssjon
320 3383 459 3440 ordinaire,
485 3335 577 3446 quam„
619 3365 876 3415 danslcsaffimums
894 3375 1063 3430 imponantes.

132 3452 298 3512 potentior-
310 3451 505 3500 tuatuinuisior.
651 3457 674 3497 4.
696 3450 777 3499 Unci-m
798 3451 913 3510 aliquem,
940 3463 988 3496 unc
1008 3463 1064 3512 pern·

166 3522 188 3563 8.
207 3515 309 3564 Hicntcc
326 3516 465 3564 amicorum
483 3517 578 3579 cupidi·
619 3530 697 3566 sonno
709 3513 871 3566 determines.
