2346 3922
408 254 497 298 arnna
518 255 540 297 1.
564 241 630 299 car.
653 238 786 300 25-27.
935 320 939 329 ,
1022 241 1060 299 31

119 387 217 445 malos
233 386 359 455 seditio,
377 387 472 446 etiam
493 387 573 462 apud
595 387 733 463 integros
758 386 962 446 dissimulatio
982 387 1059 456 luit,

119 489 156 544 ut
170 487 312 561 postero⁴
328 485 433 544 iduum
445 487 463 546 J
465 503 516 544 an.
531 486 580 544 die
595 487 773 545 redeuntem
787 503 806 543 a
821 503 896 543 cena
911 487 1061 544 Othonem

119 585 243 659 rapturi
262 583 395 653 fuerint,
412 585 444 641 ni
467 584 585 642 incerta
605 585 703 642 noctis
724 586 755 642 et
773 585 840 642 tota
859 584 934 641 urbe
955 601 1062 658 sparsa

118 681 254 740 militum
269 683 392 739 castra⁵
407 700 462 739 nec
476 681 616 740 facilem⁶
641 682 724 740 inter
737 681 921 739 temulentos
936 699 1059 739 consen-

119 796 188 836 sum
202 779 396 847 timuissent,
424 796 484 836 non
505 780 550 836 rei
569 777 699 853 publicae
713 795 803 846 cura,
831 796 921 852 quam
946 778 1061 836 foedare

119 877 272 952 principis
299 877 347 934 sui
372 877 523 951 sanguine
548 877 642 934 sobrii
668 875 835 951 parabant,
863 876 914 934 sed
940 894 978 933 ne
1007 893 1061 950 per

117 975 280 1044 tenebras,
298 978 333 1033 ut
352 975 481 1050 quisque
506 974 678 1034 Pannonici
698 973 749 1031 vel
774 962 950 1033 (lerinaniei
975 992 1059 1031 exer-

116 1073 199 1130 citus
213 1073 368 1131 militibus
383 1073 503 1137 oblatus
524 1075 619 1139 essct,
648 1071 863 1145 ignorantibus
888 1072 1057 1147 plerisque,

116 1188 175 1246 pro
192 1170 313 1229 Othone
328 1171 544 1232 destinaretur.
574 1169 674 1228 Multa
695 1170 884 1244 erumpentis
899 1170 1060 1227 seditionis

117 1267 236 1324 indicia
261 1284 317 1341 per
341 1268 478 1325 conscios
498 1282 663 1342 oppressa:
687 1265 823 1341 quaedam
848 1266 928 1341 apud
954 1266 1059 1325 Galbae

118 1380 212 1422 aures
233 1363 397 1438 praefectus
417 1364 498 1422 Laco
520 1363 627 1432 elusit,
650 1364 777 1437 ignarus
797 1363 979 1422 militarium
993 1367 1058 1422 ani·

116 1478 238 1519 morum
267 1461 449 1536 consiliique
477 1461 617 1536 quamvis
646 1462 779 1537 egregii,
806 1462 885 1536 quod
911 1479 971 1520 non
993 1459 1059 1538 ipse

116 1559 259 1628 afferret,
277 1559 420 1617 inimicus
435 1562 466 1618 et
480 1559 627 1618 adversus
645 1561 761 1635 peritos
775 1561 931 1635 pervicax.

158 1662 210 1721 27.
230 1662 346 1719 Octavo
358 1661 491 1719 decimo¹
503 1660 652 1719 kalendas
667 1661 854 1719 Februarias
869 1661 1057 1720 sacrificanti

117 1775 174 1833 pro
197 1759 261 1817 aede
282 1759 435 1834 Apollinis
457 1758 562 1820 Galbae
581 1759 736 1833 haruspex
756 1758 932 1818 Umbricius
954 1761 1058 1817 tristia

117 1859 191 1914 exta
206 1860 237 1914 et
251 1857 403 1916 instantes
423 1857 551 1915 insidias
566 1873 602 1914 ac
625 1856 823 1915 domesticum
843 1858 961 1915 hostem
981 1875 1056 1932 prae·

117 1953 222 2022 dicit2,
235 1955 381 2012 audiente
393 1954 512 2013 Othone
519 1954 600 2029 (nam
611 1955 769 2029 proximus
780 1954 953 2030 adstiterat)
967 1955 1058 2030 idque

117 2053 153 2108 ut
177 2049 282 2109 laetum
304 2070 321 2109 e
350 2053 505 2109 contrario
528 2054 559 2109 et
579 2052 643 2109 suis
668 2051 908 2125 cogitationibus
935 2069 1057 2127 prospe·

116 2165 187 2206 rum
202 2149 437 2224 interpretante.
455 2150 521 2209 Nec
535 2148 632 2207 multo
647 2152 716 2224 post
730 2149 859 2208 libertus
875 2151 1058 2208 Onomastus

117 2239 243 2306 nuntiat
254 2247 426 2322 exspectari
442 2265 510 2305 eum
525 2248 563 2305 ab
575 2247 744 2305 architecto
756 2251 786 2304 et
801 2247 1054 2322 redemptoribus,

116 2362 185 2419 quae
213 2345 400 2420 significatio
429 2346 603 2406 coeuntium
623 2346 690 2422 jam
718 2347 853 2406 militum
881 2350 912 2406 et
940 2353 1057 2423 paratae

116 2439 341 2515 conjurationis
369 2445 583 2505 convenerat³.
617 2446 712 2514 Otho,
743 2463 866 2504 causam
901 2447 1056 2520 digressus

116 2537 376 2611 requirentibus⁴‚
403 2557 471 2597 cum
497 2540 556 2597 emi
582 2540 641 2599 sibi
660 2543 796 2616 praedia⁵
815 2545 970 2601 vetustate
992 2560 1054 2602 sus-

115 2682 284 2730 disaimalatio
304 2680 368 2730 aussi
385 2679 442 2729 hicn
455 2680 512 2746 qu’d
528 2699 562 2730 se·
611 2697 675 2747 pour
691 2691 713 2733 el
732 2699 793 2741 aaa,
808 2693 833 2733 et
850 2687 874 2734 la
886 2686 1000 2751 negation
1017 2688 1053 2736 ai-

115 2749 194 2805 ditia·
207 2745 224 2795 il
263 2745 353 2795 adone
366 2761 415 2794 unc
426 2751 514 2812 espace
530 2747 562 2796 de
612 2747 676 2797 fecte
688 2747 808 2811 l'adjoctii
817 2751 879 2799 seul.

115 2826 220 2878 zeugma
235 2763 267 2876 ἔν.
287 2827 324 2886 gr.
343 2810 375 2860 de
392 2812 420 2860 Τ.
446 2813 516 2876 176):
538 2813 563 2861 la
650 2822 701 2863 n.
723 2823 743 2863 1.
764 2814 797 2863 Le
815 2823 851 2864 18⁰
863 2814 922 2877 jour
935 2826 1006 2866 avant
1018 2818 1054 2866 les

115 2876 225 2939 sc'glition
246 2879 306 2925 dtart
325 2879 468 2936 conuertas,
491 2879 514 2926 le
530 2877 562 2926 si·
611 2880 727 2928 calendcs
739 2879 770 2927 dc
783 2879 871 2929 [durior
880 2891 916 2930 est
928 2883 951 2930 le
964 2881 1052 2944 l5jnn-

115 2943 189 2998 lencc
203 2941 287 3008 garde.
611 2944 670 2995 vier.
684 2945 712 2992 V.
726 2946 811 2995 Ganrr.
826 2953 877 2995 193.

149 3030 172 3072 4,
192 3023 338 3072 postero..
352 3024 400 3072 die,
418 3023 562 3090 celasigni.
644 3019 667 3060 2.
686 3011 983 3075 Proedioitncpcutdtrc
1001 3014 1052 3077 pris

115 3087 161 3136 fle:
182 3088 206 3136 lc
221 3086 280 3150 j0ur
292 3088 401 3146 suivant,
423 3089 465 3152 qui
482 3089 519 3139 lut
537 3091 561 3140 le
610 3075 672 3124 ‘lans
692 3076 715 3123 ¹0
734 3090 789 3123 &³¹¹⁸
809 3092 976 3151 P1'0Ps⁰,³V⁰⁰
996 3087 1053 3127 cato

110 3151 173 3216 jour
187 3153 231 3201 des
249 3152 302 3202 ides
319 3153 356 3218 (13
373 3152 460 3219 jam),
609 3157 704 3191 comme
716 3156 774 3189 aveo
785 3144 891 3202 bostem·
907 3144 924 3190 11
936 3160 950 3208 y
962 3157 976 3191 a
988 3144 1052 3193 donc

609 3222 644 3256 nn
656 3221 765 3270 zeugma.

149 3244 171 3285 5.
185 3236 561 3312 Castroddsignelesquurtiers
643 3279 665 3321 3.
685 3272 721 3322 On
737 3271 798 3321 &tait
812 3288 923 3322 commu
936 3272 1053 3324 dtammn·

113 3318 148 3351 ou
165 3316 279 3350 caserncs
295 3302 339 3350 des
354 3301 519 3367 legionnarres
536 3313 561 3352 ct
647 3353 652 3364 ‚
686 3336 690 3346 .
725 3334 730 3344 .

112 3367 160 3416 des
170 3366 320 3424 auxiliaires,
331 3365 558 3430 ddjamentionnes.
609 3351 655 3449 cea
669 3352 773 3450 afflin
824 3401 834 3449 f

659 3438 664 3449 .
752 3418 807 3465 cipe
834 3412 929 3454 armant
947 3405 1000 3452 seul
1018 3422 1051 3453 un

149 3453 171 3497 6-
191 3448 240 3522 uec
251 3449 393 3512 samem-
406 3465 557 3508 comensem,
608 3466 658 3516 aar.
673 3466 769 3516 absolu.
783 3467 811 3515 v.
826 3483 863 3532 gr.
877 3468 908 3517 de
920 3469 948 3518 r.
962 3476 999 3519 eo.

113 3520 141 3587 et
151 3513 176 3562 la
188 3512 307 3596 drfficplte
319 3529 383 3577 pour
394 3514 437 3563 des
450 3515 559 3590 hommes
641 3540 663 3582 5Ι
682 3533 735 3581 Une
747 3531 840 3582 maison
852 3532 883 3580 de
900 3549 1048 3601 campagne‚
1082 3548 1085 3554 ·

112 3593 177 3632 iures
194 3578 225 3628 dc
241 3578 387 3632 saccordcr.
404 3580 454 3631 Nec
465 3589 501 3630 cst
513 3597 558 3630 nus
608 3613 657 3647 aux
672 3605 755 3663 portes
768 3596 800 3646 ἀρ
813 3598 836 3646 la
846 3598 911 3647 ville.
