2346 3922
353 144 457 235 ‘ansa
478 194 524 236 111.
549 194 614 237 css.
641 178 772 238 19-21.
988 183 1047 243 195

101 326 196 385 suntl
212 325 246 384 Si
257 343 400 402 aggerem
412 333 542 400 struere,
556 332 582 391 si
590 317 726 407 ¹pluteis⁵
738 333 913 392 cratibusve
924 336 1046 411 protegi

100 440 229 482 necesse
243 422 351 496 fuerit,
369 428 404 485 ut
418 428 528 504 vulgus
549 429 752 504 improvidum
775 430 858 488 irriti
879 433 1042 501 stabimus,

101 520 303 582 altitudinem
321 526 455 584 turrium
474 531 505 586 et
525 527 646 585 aliena⁶
666 529 857 586 munimenta
877 531 1046 590 mirantes?

103 618 208 682 Quin⁷
233 622 335 695 potius
360 639 445 679 mora
471 623 570 680 noctis
591 623 697 691 unius,
716 623 854 681 advectis
868 626 1046 683 tormentis⁸

102 719 334 794 machinisque,
357 721 421 778 vim
449 721 671 795 victoriamque
692 721 848 778 nobiscum
869 721 1015 780 ferimus?
1029 742 1045 775 a

104 816 208 874 Simul
236 817 316 875 lixas
345 817 525 894 calonesque
550 837 619 876 cum
639 820 879 878 recentissimis⁹
907 821 1045 894 equitum

104 916 290 974 Bedriacum
305 917 419 986 mittit,
442 919 545 993 copias
561 919 722 992 ceteraque
737 919 806 975 usui
821 918 979 977 allaturos.

145 1028 199 1085 21.
224 1026 257 1083 Id
272 1043 346 1084 vero
363 1044 443 1101 aegre
463 1027 613 1085 tolerante
632 1027 731 1084 milite
750 1044 844 1102 prope
863 1028 1044 1086 seditionem

105 1126 245 1194 ventum,
269 1142 336 1182 cum
356 1126 510 1201 progressi
530 1126 647 1199 equites
667 1126 722 1183 sub
743 1127 809 1201 ipsa
823 1127 936 1184 moenia
950 1144 1045 1201 vagos

106 1239 144 1278 ex
160 1223 415 1280 Cremonensibus
430 1222 615 1296 corripiunt,
633 1241 762 1297 quorum
780 1225 892 1281 indicio
908 1225 1045 1300 noscitur

107 1337 160 1377 sex
189 1321 375 1379 Vitellianas
405 1320 540 1396 legiones
576 1338 754 1396 omnemque
786 1324 954 1380 exercitum
992 1323 1044 1396 qui

107 1420 251 1477 Hostiliae
272 1421 392 1495 egerat,
417 1437 451 1477 eo
471 1419 536 1494 ipso
559 1420 608 1476 die
625 1421 757 1494 triginta
771 1421 869 1480 millia
883 1421 1044 1496 passuum¹

108 1534 279 1586 emensum,
302 1519 457 1592 comperta
477 1534 600 1574 suorum
616 1518 700 1576 clade
721 1519 752 1575 in
768 1519 909 1592 proelium
925 1519 1045 1592 accingi

107 1632 142 1672 ac
159 1615 226 1691 Jam
251 1615 355 1673 affore.
389 1616 420 1672 Is
440 1618 541 1673 terror
566 1614 738 1672 obstructas
763 1619 880 1674 mentes
906 1616 1044 1674 consiliis

108 1713 194 1771 ducis
219 1713 350 1787 aperuit.
376 1712 492 1769 Sistere
516 1713 640 1770 tertiam
666 1713 812 1772 decimam
838 1714 990 1789 legionem
1013 1715 1045 1771 in

108 1812 174 1887 ipso
196 1811 256 1867 viee
277 1810 443 1869 Postumiae
463 1812 595 1884 aggere²
612 1810 718 1885 jubet,
740 1812 789 1868 cui
803 1811 914 1887 juncta
932 1831 951 1869 a
968 1812 1045 1868 laevo

108 1909 240 1984 septima
260 1907 411 1966 Galbiana
431 1908 550 1982 patenti
570 1926 675 1983 campo
697 1911 799 1978 stetit,
822 1911 892 1968 dein
914 1912 1045 1985 septima

108 2008 277 2067 Claudiana
297 2007 413 2082 agresti
437 2006 519 2064 fossa
545 2007 601 2080 (ita
630 2007 714 2065 locus
741 2007 817 2081 erat)
845 2010 1042 2083 praemunita3

108 2106 217 2165 dextro
230 2107 337 2163 octava
348 2122 403 2180 per
413 2106 553 2179 apertum
565 2104 724 2173 limitem3,
738 2107 826 2163 mori4
838 2106 932 2164 tertia
944 2107 1045 2165 densis

106 2204 244 2262 arbustis
259 2205 455 2278 intersaepta:
473 2203 523 2259 hic
537 2203 709 2277 aquilarum
720 2204 936 2279 signorumque
953 2206 1043 2273 ordo;

107 2303 224 2361 milites
239 2301 329 2359 mixti
347 2314 402 2375 per
421 2299 579 2368 tenebras,
600 2302 634 2358 ut
648 2300 711 2358 fors
731 2300 857 2358 tulerat.
883 2300 1045 2359 Praetoria-

107 2417 182 2458 num
192 2397 340 2456 vexillum
350 2396 523 2472 proximum
534 2398 692 2468 tertianis,
707 2400 847 2456 cohortes
858 2398 1046 2456 auxiliorum

107 2497 319 2565 inmunibus,
340 2496 439 2552 latera
460 2512 496 2552 ac
516 2498 605 2571 terga
626 2498 729 2571 equite
749 2497 946 2554 circumdata.
973 2496 1046 2553 Sido

107 2602 201 2673 atquc
216 2596 341 2656 Italicus
360 2595 453 2652 Suebi
473 2611 540 2653 cum
558 2596 684 2654 delectis
704 2595 897 2671 popularium
912 2595 1047 2671 primore

108 2704 142 2761 in
158 2703 242 2760 acie⁵
258 2700 471 2760 versabantur.

142 2846 166 2887 5.
185 2837 289 2886 Plateis.
302 2835 330 2884 V.
344 2834 380 2890 ll,
394 2840 432 2890 al,
445 2840 502 2880 note
512 2838 534 2880 5.
603 2845 680 2878 venus
692 2830 728 2878 les
740 2828 852 2878 dcrniers
867 2819 954 2877 =lcs
968 2827 1048 2877 moins

143 2911 167 2952 6.
185 2901 287 2960 Alieno,
306 2897 429 2955 d'autrui‚
451 2897 495 2946 des
512 2912 554 2945 cn·
603 2894 717 2960 latigue's.

111 2968 200 3019 nemis.
639 2969 691 3008 Η.
711 2959 925 3009 1.Trentcmillcs
940 2958 1047 3008 romains

143 3043 167 3083 7.
186 3034 266 3096 Quin,
280 3030 341 3079 dans
354 3045 379 3078 sa
389 3025 555 3095 signification
604 3041 636 3074 ou
649 3029 704 3090 pres
716 3026 748 3074 de
761 3033 774 3073 9
786 3026 873 3074 lienes.

109 3098 260 3166 primitive:
290 3095 414 3161 pourquoi
441 3109 495 3158 pas.
525 3093 554 3142 V.
637 3099 660 3139 2.
679 3091 777 3154 Aggere.
791 3092 819 3140 V.
834 3091 924 3147 lael,
934 3098 993 3166 notc
1005 3096 1027 3136 8.

110 3168 208 3221 Gantr.‚
235 3171 285 3221 151,
299 3178 359 3212 rem.
637 3164 659 3205 3.
678 3157 729 3206 Per
748 3165 865 3218 opertum
885 3158 1000 3212 limitem,
1022 3154 1046 3201 lc

144 3239 167 3280 8.
190 3231 336 3286 Tormenta,
357 3237 435 3275 terme
456 3223 556 3289 ge'ne'rsl
604 3222 663 3287 long
675 3220 840 3270 d'unchcmin
849 3221 994 3277 descuvert,
1004 3218 1047 3282 qui

111 3296 155 3361 qui
168 3293 303 3359 comprend
315 3294 351 3342 les
360 3290 472 3341 ballistas
483 3298 508 3336 et
519 3289 556 3336 les
605 3285 750 3336 aboutissait
768 3290 781 3334 d
798 3287 821 3335 la
838 3295 908 3335 route
920 3283 1045 3333 militairc.

109 3361 263 3426 catapultas,
276 3358 402 3408 machinos
419 3356 450 3404 de
468 3369 556 3420 guerre
637 3360 660 3400 4.
679 3354 747 3410 Mos,
762 3351 868 3400 ensuite.

111 3427 155 3494 qui
168 3429 267 3477 lancent
279 3425 323 3475 des
335 3420 485 3488 projectilcs.
639 3425 661 3466 5.
679 3418 795 3466 Primorc
807 3420 834 3466 in
845 3418 909 3476 acic,
929 3430 978 3464 aux
993 3429 1048 3480 pre·

145 3501 168 3544 9.
187 3492 381 3549 recentissima,
400 3487 443 3556 qui
464 3485 556 3536 etaient
605 3482 679 3534 miers
691 3498 771 3550 rangs.
