2326 3922
163 250 222 313 148

162 400 306 457 munere³
331 398 458 456 Caecinae
488 399 629 455 insistere
648 397 900 455 Bedriacensibus
925 388 1040 473 campis
1062 414 1100 458 ac

162 497 295 571 vestigia
315 495 446 552 recentis
468 494 606 552 victoriae
626 495 759 553 lustrare
784 494 880 552 oculis
901 496 1096 572 concupivit,

162 594 274 651 foedum
289 596 381 668 atque
396 595 485 650 atrox
501 592 716 666 spectaculum.
734 592 820 651 Intra
831 593 1098 669 quadragesimum

161 706 272 766 pugnae
297 690 376 749 diem
405 689 506 747 lacera
533 706 676 766 corpora,
707 693 828 749 trunci⁴
857 696 959 762 artus,
991 696 1098 768 putres

162 791 298 847 virorum
314 804 518 863 equorumque
532 788 652 858 formae,
672 789 784 848 infecta
797 790 868 849 tabo
883 791 1009 859 humus,
1026 810 1096 867 pro-

162 890 246 947 tritis
266 889 425 959 arboribus
446 905 481 946 ac
502 887 641 964 frugibus
662 889 730 947 dira
743 891 885 950 vastitas.
915 892 980 950 Nec
994 893 1098 950 minus

163 989 346 1045 inhumana⁵
364 1003 437 1061 pars
451 986 511 1042 viae
526 1003 615 1059 quam
631 987 847 1048 Cremonenses
861 991 950 1049 lauru
966 1008 1097 1066 rosaque

163 1088 411 1153 constraverunt,
439 1085 603 1142 exstructis
624 1085 773 1144 altaribus
794 1089 939 1161 caesisque
960 1088 1098 1146 victimis

163 1185 281 1258 regium
294 1184 324 1240 in
337 1199 451 1240 morem
459 1183 481 1251 ὃς
495 1200 561 1256 quae
575 1182 646 1240 laeta
658 1184 688 1240 in
700 1201 833 1259 praesens
848 1202 918 1242 mox
929 1185 1099 1260 perniciem

164 1285 238 1358 ipsis
260 1281 368 1341 fecere.
399 1282 535 1340 Aderant
549 1279 662 1338 Valens
683 1282 714 1337 et
739 1281 859 1339 Caecina
872 1282 1097 1341 monstrabant-

163 1399 221 1456 que
249 1399 358 1457 pugnae
386 1381 488 1440 locos:
517 1379 588 1436 hinc
613 1379 760 1454 irrupisse
784 1379 939 1454 legionum
967 1375 1096 1456 agmen,

163 1481 234 1538 hinc
259 1481 376 1553 equites
405 1481 539 1547 coortos,
575 1477 644 1534 inde
679 1477 876 1536 circumfusas
911 1479 1098 1537 auxiliorum

163 1596 281 1637 manus.
308 1579 377 1636 Jam
398 1575 516 1633 tribuni
542 1574 766 1651 praefectique⁷‚
791 1593 846 1634 sua
867 1567 994 1652 quisque
1015 1577 1099 1637 facta

163 1675 360 1745 extollentes,
384 1673 477 1741 falsa,
495 1688 585 1740 vera,
608 1674 662 1729 aut
683 1671 800 1747 majora
820 1691 894 1731 vero
915 1675 1097 1736 miscebant.

163 1773 281 1846 Vulgus
302 1789 420 1846 quoque
440 1770 573 1827 militum
588 1769 719 1827 clamore
735 1773 766 1828 et
787 1771 916 1844 gaudio⁸
937 1773 1099 1831 deflectere

163 1871 231 1940 via,
250 1871 349 1945 spatia
363 1869 563 1928 certaminum
577 1885 809 1942 recognoscere,
823 1872 984 1943 aggerem⁹
999 1888 1098 1929 armo-

386 266 529 310 connum
550 265 650 309 sacrm
670 265 882 312 ursuonnlaum

163 1984 247 2037 rum,
272 1970 371 2035 strues
393 1983 551 2042 corporum
568 1967 699 2034 intueri,
717 1967 841 2035 mirari;
865 1970 895 2025 et
916 1971 1005 2026 erant
1024 1986 1099 2043 quos

162 2069 250 2125 varia
265 2084 329 2125 sors
344 2083 446 2124 rerum
462 2066 653 2139 lacrimaeque
665 2067 696 2123 et
711 2066 921 2125 misericordia
935 2068 1053 2125 subiret
1063 2071 1097 2128 ¹⁰.

162 2166 204 2224 At
220 2182 278 2221 non
294 2165 438 2223 Vitellius
452 2164 538 2221 flexit
553 2163 654 2248 oculos
676 2181 730 2221 nec
752 2167 799 2222 tot
813 2164 911 2222 millia
933 2166 1098 2240 insepulto·

163 2280 230 2321 rum
245 2264 359 2321 civium
371 2262 530 2321 exhorruit
545 2285 551 2320 :
568 2261 656 2318 laetus
671 2260 784 2319 ultroll
799 2264 830 2318 et
840 2264 903 2319 tam
919 2264 1099 2339 propinquae

163 2361 255 2418 sortis
271 2360 396 2432 ignarus
412 2359 603 2417 instaurabat
624 2375 743 2416 sacrum
758 2359 804 2417 dis
819 2357 889 2418 loci.

163 2517 255 2583 diriges
278 2534 330 2567 vers
348 2518 372 2567 la
390 2517 436 2567 sud
453 2533 498 2582 par
520 2518 544 2566 la
564 2519 606 2565 cio
688 2523 710 2566 9.
730 2515 846 2580 Aqqcreut
858 2516 898 2581 (au
910 2515 1053 2583 singulier),
1076 2521 1101 2569 lc

163 2585 276 2633 AEmr'lio.

178 2673 227 2779 lca,
238 2666 351 2724 Munere,
369 2664 443 2727 jeus,
454 2663 563 2715 combats
575 2663 607 2712 de

161 2747 201 2798 ga
221 2739 320 2779 ratcurs.

196 2822 218 2862 4.
237 2811 358 2862 Membres
371 2813 472 2877 coupe's.

196 2902 218 2944 5.
237 2894 406 2951 lnbumcnua,
421 2892 531 2942 blessant
543 2908 607 2957 pour

164 2961 187 3008 la
200 2970 287 3008 nature
299 2958 428 3016 humaine,
442 2959 570 3007 revoltant.

196 3048 218 3089 6.
229 3041 329 3089 Comme
338 3039 539 3099 c'cstl'haltitude
546 3040 605 3089 chez

164 3107 200 3155 los
212 3106 335 3170 despotes.

197 3196 218 3236 7.
233 3187 360 3251 Praefecti,
371 3186 427 3235 titre
435 3187 478 3236 des
486 3202 607 3236 comman-

164 3252 236 3301 dants
247 3252 291 3301 des
303 3267 375 3316 corps
393 3252 548 3310 auxiliaires,
569 3253 605 3300 in-

165 3316 269 3365 lantcric
281 3327 305 3365 et
317 3317 445 3366 cavalaria.

196 3405 219 3446 8.
239 3398 352 3447 Clanrcra
363 3405 385 3447 et
392 3399 484 3460 gaudio
496 3397 607 3463 (hendia·

164 3462 230 3528 dm),
244 3478 301 3513 auec
312 3462 356 3512 des
368 3462 416 3513 cris
427 3463 458 3512 de
467 3461 528 3526 joie.

656 2597 774 2631 monceau
782 2581 895 2640 d'armcs,
904 2584 1042 2633 sansdoute
1050 2602 1100 2634 une

655 2651 743 2710 cspbce
761 2646 793 2695 de
810 2647 921 2711 trophea.
947 2649 985 2698 Gi.
1004 2655 1100 2699 struxit

655 2728 767 2775 oqqcrcrn
787 2719 810 2761 et
832 2716 860 2761 in
876 2717 976 2762 niodum
997 2723 1099 2778 tropaeo

655 2793 714 2827 ruam
721 2794 796 2827 urana
805 2780 930 2840 imposuit.
937 2780 1011 2843 (Ann.
1021 2788 1043 2838 2,
1050 2783 1097 2845 28).

688 2883 724 2925 10.
744 2876 852 2926 subiret.
866 2877 900 2925 Ce
912 2875 985 2925 verbo
998 2888 1035 2927 est
1047 2880 1099 2944 pris

655 2956 712 2990 arco
733 2942 756 2990 le
774 2940 881 3006 premier
897 2941 961 3003 snjct
981 2943 1043 2991 dans
1065 2962 1098 2994 un

655 3017 725 3055 autre
737 3023 793 3056 sens
807 3006 906 3071 qu'arcc
919 3008 955 3055 les
966 3007 1033 3057 deux
1045 3008 1099 3060 der-

656 3072 738 3120 niers:
753 3072 773 3121 ll
785 3089 799 3137 y
811 3089 842 3120 cn
859 3081 901 3120 eut
917 3072 974 3136 qui,
993 3085 1099 3138 pensant

655 3153 703 3186 aux
720 3136 873 3186 uicissitudes
891 3137 1032 3196 humadncs,
1050 3157 1099 3189 ver·

656 3206 737 3252 serent
744 3202 787 3251 des
797 3202 923 3251 larmesde
931 3205 1096 3268 compassion.

690 3308 725 3348 ll.
746 3300 827 3359 Ultro,
838 3316 867 3348 au
880 3301 1011 3351 contraire.
1022 3303 1051 3353 V.
1063 3304 1099 3353 lcs

655 3364 797 3414 differentes
817 3365 993 3430 significations
1018 3368 1050 3417 de
1070 3386 1099 3419 ce

655 3440 705 3479 mot
718 3431 741 3488 l,
755 3439 777 3488 7,
794 3440 852 3479 note
864 3439 886 3480 7.
