<?xml version="1.0" encoding="UTF-8"?>
<!DOCTYPE html PUBLIC "-//W3C//DTD XHTML 1.0 Transitional//EN"
    "http://www.w3.org/TR/xhtml1/DTD/xhtml1-transitional.dtd">
<html xmlns="http://www.w3.org/1999/xhtml" xml:lang="en" lang="en">
 <head>
  <title>
</title>
<meta http-equiv="Content-Type" content="text/html;charset=utf-8" />
  <meta name='ocr-system' content='tesseract 3.04.00' />
  <meta name='ocr-capabilities' content='ocr_page ocr_carea ocr_par ocr_line ocrx_word'/>
</head>
<body>
  <div class='ocr_page' id='page_1' title='image "./corneliitacitih00gantgoog_0339.png"; bbox 0 0 2346 3922; ppageno 0'>
   <div class='ocr_carea' id='block_1_1' title="bbox 138 237 870 300">
    <p class='ocr_par' dir='ltr' id='par_1_1' title="bbox 138 237 870 300">
     <span class='ocr_line' id='line_1_1' title="bbox 138 237 870 300; baseline -0.005 -2"><span class='ocrx_word' id='word_1_1' title='bbox 138 237 198 300; x_wconf 81' lang='lat'><strong>326</strong></span> <span class='ocrx_word' id='word_1_2' title='bbox 373 247 516 296; x_wconf 77' lang='lat' dir='ltr'><strong>coenem</strong></span> <span class='ocrx_word' id='word_1_3' title='bbox 537 248 637 296; x_wconf 83' lang='lat' dir='ltr'><strong>mem</strong></span> <span class='ocrx_word' id='word_1_4' title='bbox 657 246 870 295; x_wconf 73' lang='lat' dir='ltr'><strong>msroemsou</strong></span> 
     </span>
    </p>
   </div>
   <div class='ocr_carea' id='block_1_2' title="bbox 127 380 1074 2501">
    <p class='ocr_par' dir='ltr' id='par_1_2' title="bbox 129 380 1073 1729">
     <span class='ocr_line' id='line_1_2' title="bbox 136 380 1067 459; baseline -0.006 -18"><span class='ocrx_word' id='word_1_5' title='bbox 136 387 255 459; x_wconf 88' lang='lat' dir='ltr'><strong>patrem</strong></span> <span class='ocrx_word' id='word_1_6' title='bbox 270 380 335 458; x_wconf 89' lang='lat' dir='ltr'><strong>ejus</strong></span> <span class='ocrx_word' id='word_1_7' title='bbox 350 382 405 440; x_wconf 90' lang='lat' dir='ltr'><strong>sub</strong></span> <span class='ocrx_word' id='word_1_8' title='bbox 422 384 498 441; x_wconf 82' lang='lat' dir='ltr'><strong>Gaio</strong></span> <span class='ocrx_word' id='word_1_9' title='bbox 513 383 634 442; x_wconf 85' lang='lat' dir='ltr'><strong>Caesare</strong></span> <span class='ocrx_word' id='word_1_10' title='bbox 655 383 779 458; x_wconf 78' lang='lat' dir='ltr'>egregie</span> <span class='ocrx_word' id='word_1_11' title='bbox 793 383 935 440; x_wconf 86' lang='lat' dir='ltr'><strong>functum</strong></span> <span class='ocrx_word' id='word_1_12' title='bbox 951 397 988 437; x_wconf 89' lang='lat' dir='ltr'><strong>ea</strong></span> <span class='ocrx_word' id='word_1_13' title='bbox 1002 395 1067 436; x_wconf 85' lang='lat' dir='ltr'><strong>cura</strong></span> 
     </span>
     <span class='ocr_line' id='line_1_3' title="bbox 136 479 1066 553; baseline -0.005 -15"><span class='ocrx_word' id='word_1_14' title='bbox 136 480 296 549; x_wconf 88' lang='lat' dir='ltr'><strong>dictitans;</strong></span> <span class='ocrx_word' id='word_1_15' title='bbox 320 479 424 538; x_wconf 89' lang='lat' dir='ltr'><strong>laetum</strong></span> <span class='ocrx_word' id='word_1_16' title='bbox 446 480 597 539; x_wconf 81' lang='lat' dir='ltr'><strong>militibus</strong></span> <span class='ocrx_word' id='word_1_17' title='bbox 613 481 692 539; x_wconf 91' lang='lat' dir='ltr'><strong>idem</strong></span> <span class='ocrx_word' id='word_1_18' title='bbox 708 497 834 547; x_wconf 90' lang='lat' dir='ltr'><strong>nomen,</strong></span> <span class='ocrx_word' id='word_1_19' title='bbox 852 481 946 553; x_wconf 90' lang='lat' dir='ltr'><strong>atque</strong></span> <span class='ocrx_word' id='word_1_20' title='bbox 962 479 1066 552; x_wconf 90' lang='lat' dir='ltr'><strong>ipsum,</strong></span> 
     </span>
     <span class='ocr_line' id='line_1_4' title="bbox 136 573 1068 654; baseline -0.004 -18"><span class='ocrx_word' id='word_1_21' title='bbox 136 595 318 654; x_wconf 86' lang='lat' dir='ltr'><strong>quamquam</strong></span> <span class='ocrx_word' id='word_1_22' title='bbox 333 579 481 637; x_wconf 87' lang='lat' dir='ltr'><strong>senatorii</strong></span> <span class='ocrx_word' id='word_1_23' title='bbox 497 578 642 648; x_wconf 67' lang='lat' dir='ltr'><strong>ordinisi,</strong></span> <span class='ocrx_word' id='word_1_24' title='bbox 660 578 698 637; x_wconf 91' lang='lat' dir='ltr'><strong>ad</strong></span> <span class='ocrx_word' id='word_1_25' title='bbox 714 581 843 653; x_wconf 89' lang='lat' dir='ltr'><strong>utraque</strong></span> <span class='ocrx_word' id='word_1_26' title='bbox 855 576 982 634; x_wconf 81' lang='lat' dir='ltr'><strong>munia⁷</strong></span> <span class='ocrx_word' id='word_1_27' title='bbox 997 573 1068 633; x_wconf 89' lang='lat' dir='ltr'><strong>suffi-</strong></span> 
     </span>
     <span class='ocr_line' id='line_1_5' title="bbox 134 672 1069 752; baseline -0.005 -17"><span class='ocrx_word' id='word_1_28' title='bbox 134 695 213 736; x_wconf 82' lang='lat' dir='ltr'><strong>cere.</strong></span> <span class='ocrx_word' id='word_1_29' title='bbox 229 679 464 737; x_wconf 86' lang='lat' dir='ltr'><strong>Assumunture</strong></span> <span class='ocrx_word' id='word_1_30' title='bbox 479 678 608 736; x_wconf 84' lang='lat' dir='ltr'><strong>civitate</strong></span> <span class='ocrx_word' id='word_1_31' title='bbox 623 677 813 736; x_wconf 87' lang='lat' dir='ltr'><strong>clarissimus</strong></span> <span class='ocrx_word' id='word_1_32' title='bbox 828 676 959 752; x_wconf 91' lang='lat' dir='ltr'><strong>quisque</strong></span> <span class='ocrx_word' id='word_1_33' title='bbox 975 676 1007 732; x_wconf 88' lang='lat' dir='ltr'><strong>et</strong></span> <span class='ocrx_word' id='word_1_34' title='bbox 1020 672 1069 732; x_wconf 91' lang='lat' dir='ltr'><strong>alii</strong></span> 
     </span>
     <span class='ocr_line' id='line_1_6' title="bbox 133 775 1069 851; baseline -0.003 -18"><span class='ocrx_word' id='word_1_35' title='bbox 133 794 188 851; x_wconf 83' lang='lat' dir='ltr'><strong>per</strong></span> <span class='ocrx_word' id='word_1_36' title='bbox 215 776 443 835; x_wconf 85' lang='lat' dir='ltr'><strong>ambitionem⁸.</strong></span> <span class='ocrx_word' id='word_1_37' title='bbox 482 776 581 834; x_wconf 89' lang='lat' dir='ltr'><strong>Simul</strong></span> <span class='ocrx_word' id='word_1_38' title='bbox 617 777 811 834; x_wconf 88' lang='lat' dir='ltr'><strong>Domitianus</strong></span> <span class='ocrx_word' id='word_1_39' title='bbox 848 775 1069 848; x_wconf 74' lang='lat' dir='ltr'><strong>Mucianusque</strong></span> 
     </span>
     <span class='ocr_line' id='line_1_7' title="bbox 133 872 1069 948; baseline -0.002 -18"><span class='ocrx_word' id='word_1_40' title='bbox 133 873 383 947; x_wconf 80' lang='lat' dir='ltr'><strong>accingebantur,</strong></span> <span class='ocrx_word' id='word_1_41' title='bbox 409 872 525 948; x_wconf 84' lang='lat' dir='ltr'><strong>dispari</strong></span> <span class='ocrx_word' id='word_1_42' title='bbox 540 874 657 943; x_wconf 91' lang='lat' dir='ltr'><strong>animo,</strong></span> <span class='ocrx_word' id='word_1_43' title='bbox 677 873 729 931; x_wconf 91' lang='lat' dir='ltr'><strong>ille</strong></span> <span class='ocrx_word' id='word_1_44' title='bbox 744 890 797 948; x_wconf 91' lang='lat' dir='ltr'><strong>spe</strong></span> <span class='ocrx_word' id='word_1_45' title='bbox 812 890 848 930; x_wconf 90' lang='lat' dir='ltr'><strong>ao</strong></span> <span class='ocrx_word' id='word_1_46' title='bbox 859 872 995 948; x_wconf 82' lang='lat' dir='ltr'><strong>juventa</strong></span> <span class='ocrx_word' id='word_1_47' title='bbox 1009 889 1069 947; x_wconf 90' lang='lat' dir='ltr'><strong>pro·</strong></span> 
     </span>
     <span class='ocr_line' id='line_1_8' title="bbox 133 971 1069 1046; baseline -0.001 -18"><span class='ocrx_word' id='word_1_48' title='bbox 133 988 240 1046; x_wconf 90' lang='lat' dir='ltr'><strong>perus,</strong></span> <span class='ocrx_word' id='word_1_49' title='bbox 269 972 318 1029; x_wconf 91' lang='lat' dir='ltr'><strong>hio</strong></span> <span class='ocrx_word' id='word_1_50' title='bbox 339 988 439 1028; x_wconf 89' lang='lat' dir='ltr'><strong>moras</strong></span> <span class='ocrx_word' id='word_1_51' title='bbox 463 973 588 1030; x_wconf 87' lang='lat' dir='ltr'><strong>nectens</strong></span> <span class='ocrx_word' id='word_1_52' title='bbox 610 973 678 1046; x_wconf 90' lang='lat' dir='ltr'><strong>quis</strong></span> <span class='ocrx_word' id='word_1_53' title='bbox 699 971 883 1045; x_wconf 79' lang='lat' dir='ltr'><strong>fiagrantem</strong></span> <span class='ocrx_word' id='word_1_54' title='bbox 906 973 1069 1037; x_wconf 86' lang='lat' dir='ltr'><strong>retineret,</strong></span> 
     </span>
     <span class='ocr_line' id='line_1_9' title="bbox 135 1067 1071 1144; baseline 0.001 -21"><span class='ocrx_word' id='word_1_55' title='bbox 135 1084 172 1124; x_wconf 88' lang='lat' dir='ltr'><strong>ne</strong></span> <span class='ocrx_word' id='word_1_56' title='bbox 187 1067 301 1125; x_wconf 80' lang='lat' dir='ltr'><strong>ferocia</strong></span> <span class='ocrx_word' id='word_1_57' title='bbox 315 1068 416 1126; x_wconf 88' lang='lat' dir='ltr'><strong>aetatis</strong></span> <span class='ocrx_word' id='word_1_58' title='bbox 432 1071 463 1126; x_wconf 91' lang='lat' dir='ltr'><strong>et</strong></span> <span class='ocrx_word' id='word_1_59' title='bbox 484 1069 589 1143; x_wconf 81' lang='lat' dir='ltr'><strong>pravis</strong></span> <span class='ocrx_word' id='word_1_60' title='bbox 611 1069 842 1144; x_wconf 77' lang='lat' dir='ltr'><strong>impulsoribus,</strong></span> <span class='ocrx_word' id='word_1_61' title='bbox 861 1069 888 1128; x_wconf 90' lang='lat' dir='ltr'><strong>si</strong></span> <span class='ocrx_word' id='word_1_62' title='bbox 904 1070 1071 1128; x_wconf 85' lang='lat' dir='ltr'><strong>exercitum</strong></span> 
     </span>
     <span class='ocr_line' id='line_1_10' title="bbox 134 1164 1072 1242; baseline 0.003 -21"><span class='ocrx_word' id='word_1_63' title='bbox 134 1164 313 1234; x_wconf 87' lang='lat' dir='ltr'><strong>invasisset,</strong></span> <span class='ocrx_word' id='word_1_64' title='bbox 340 1165 409 1239; x_wconf 87' lang='lat' dir='ltr'><strong>paci</strong></span> <span class='ocrx_word' id='word_1_65' title='bbox 434 1165 575 1241; x_wconf 91' lang='lat' dir='ltr'><strong>belloque</strong></span> <span class='ocrx_word' id='word_1_66' title='bbox 600 1167 679 1225; x_wconf 89' lang='lat' dir='ltr'><strong>male</strong></span> <span class='ocrx_word' id='word_1_67' title='bbox 708 1167 892 1226; x_wconf 80' lang='lat' dir='ltr'><strong>consuleret.</strong></span> <span class='ocrx_word' id='word_1_68' title='bbox 921 1169 1072 1242; x_wconf 87' lang='lat' dir='ltr'><strong>Legiones</strong></span> 
     </span>
     <span class='ocr_line' id='line_1_11' title="bbox 134 1262 1072 1333; baseline 0.005 -15"><span class='ocrx_word' id='word_1_69' title='bbox 134 1262 278 1320; x_wconf 87' lang='lat' dir='ltr'><strong>victrices</strong></span> <span class='ocrx_word' id='word_1_70' title='bbox 300 1264 423 1332; x_wconf 84' lang='lat' dir='ltr'><strong>octava,</strong></span> <span class='ocrx_word' id='word_1_71' title='bbox 441 1264 616 1333; x_wconf 89' lang='lat' dir='ltr'><strong>undecima,</strong></span> <span class='ocrx_word' id='word_1_72' title='bbox 640 1265 879 1326; x_wconf 87' lang='lat' dir='ltr'><strong>Vitellianarum</strong></span> <span class='ocrx_word' id='word_1_73' title='bbox 899 1267 1072 1325; x_wconf 85' lang='lat' dir='ltr'><strong>unaetvice-</strong></span> 
     </span>
     <span class='ocr_line' id='line_1_12' title="bbox 134 1363 1070 1439; baseline 0.004 -21"><span class='ocrx_word' id='word_1_74' title='bbox 134 1363 227 1430; x_wconf 89' lang='lat' dir='ltr'><strong>sima,</strong></span> <span class='ocrx_word' id='word_1_75' title='bbox 256 1380 272 1419; x_wconf 94' lang='lat' dir='ltr'><strong>e</strong></span> <span class='ocrx_word' id='word_1_76' title='bbox 297 1379 403 1421; x_wconf 92' lang='lat' dir='ltr'><strong>recens</strong></span> <span class='ocrx_word' id='word_1_77' title='bbox 428 1364 611 1439; x_wconf 85' lang='lat' dir='ltr'><strong>conscriptis</strong></span> <span class='ocrx_word' id='word_1_78' title='bbox 637 1365 783 1434; x_wconf 88' lang='lat' dir='ltr'><strong>secunda,</strong></span> <span class='ocrx_word' id='word_1_79' title='bbox 812 1366 975 1424; x_wconf 81' lang='lat' dir='ltr'><strong>Poeninis⁹</strong></span> <span class='ocrx_word' id='word_1_80' title='bbox 1004 1366 1070 1423; x_wconf 83' lang='lat' dir='ltr'><strong>Cot-</strong></span> 
     </span>
     <span class='ocr_line' id='line_1_13' title="bbox 129 1459 1067 1535; baseline 0.004 -21"><span class='ocrx_word' id='word_1_81' title='bbox 129 1459 284 1533; x_wconf 89' lang='lat' dir='ltr'><strong>tianisque</strong></span> <span class='ocrx_word' id='word_1_82' title='bbox 299 1459 443 1533; x_wconf 68' lang='lat' dir='ltr'><strong>Alpibus</strong></span> <span class='ocrx_word' id='word_1_83' title='bbox 472 1477 544 1535; x_wconf 89' lang='lat' dir='ltr'><strong>pars</strong></span> <span class='ocrx_word' id='word_1_84' title='bbox 569 1465 672 1520; x_wconf 90' lang='lat' dir='ltr'><strong>monte</strong></span> <span class='ocrx_word' id='word_1_85' title='bbox 698 1462 791 1521; x_wconf 83' lang='lat' dir='ltr'><strong>Graio</strong></span> <span class='ocrx_word' id='word_1_86' title='bbox 801 1463 823 1497; x_wconf 90' lang='lat'><strong>¹⁰</strong></span> <span class='ocrx_word' id='word_1_87' title='bbox 848 1461 1067 1529; x_wconf 60' lang='lat' dir='ltr'><strong>traducuntur</strong></span> 
     </span>
     <span class='ocr_line' id='line_1_14' title="bbox 130 1556 1073 1631; baseline 0.004 -20"><span class='ocrx_word' id='word_1_88' title='bbox 130 1556 374 1629; x_wconf 87' lang='lat' dir='ltr'><strong>quartadecima</strong></span> <span class='ocrx_word' id='word_1_89' title='bbox 393 1556 474 1631; x_wconf 85' lang='lat' dir='ltr'><strong>legio</strong></span> <span class='ocrx_word' id='word_1_90' title='bbox 496 1575 513 1616; x_wconf 90' lang='lat' dir='ltr'><strong>e</strong></span> <span class='ocrx_word' id='word_1_91' title='bbox 534 1558 712 1629; x_wconf 89' lang='lat' dir='ltr'><strong>Britannia,</strong></span> <span class='ocrx_word' id='word_1_92' title='bbox 731 1561 819 1617; x_wconf 85' lang='lat' dir='ltr'><strong>sexta</strong></span> <span class='ocrx_word' id='word_1_93' title='bbox 839 1577 875 1617; x_wconf 89' lang='lat' dir='ltr'><strong>ac</strong></span> <span class='ocrx_word' id='word_1_94' title='bbox 898 1559 1022 1617; x_wconf 89' lang='lat' dir='ltr'><strong>decima</strong></span> <span class='ocrx_word' id='word_1_95' title='bbox 1036 1576 1073 1616; x_wconf 84' lang='lat' dir='ltr'><strong>ex</strong></span> 
     </span>
     <span class='ocr_line' id='line_1_15' title="bbox 133 1654 424 1729; baseline 0.007 -17"><span class='ocrx_word' id='word_1_96' title='bbox 133 1654 285 1729; x_wconf 86' lang='lat' dir='ltr'><strong>Hispania</strong></span> <span class='ocrx_word' id='word_1_97' title='bbox 307 1656 424 1715; x_wconf 88' lang='lat' dir='ltr'><strong>accitae.</strong></span> 
     </span>
    </p>

    <p class='ocr_par' dir='ltr' id='par_1_3' title="bbox 127 1752 1074 2501">
     <span class='ocr_line' id='line_1_16' title="bbox 171 1752 1073 1832; baseline 0.004 -22"><span class='ocrx_word' id='word_1_98' title='bbox 171 1752 272 1826; x_wconf 84' lang='lat' dir='ltr'><strong>Igitur</strong></span> <span class='ocrx_word' id='word_1_99' title='bbox 292 1753 446 1813; x_wconf 87' lang='lat' dir='ltr'><strong>venientis</strong></span> <span class='ocrx_word' id='word_1_100' title='bbox 468 1755 623 1813; x_wconf 87' lang='lat' dir='ltr'><strong>exereitus</strong></span> <span class='ocrx_word' id='word_1_101' title='bbox 648 1754 730 1814; x_wconf 85' lang='lat' dir='ltr'><strong>fama</strong></span> <span class='ocrx_word' id='word_1_102' title='bbox 754 1758 786 1814; x_wconf 88' lang='lat' dir='ltr'><strong>et</strong></span> <span class='ocrx_word' id='word_1_103' title='bbox 811 1759 920 1832; x_wconf 89' lang='lat' dir='ltr'><strong>suopte</strong></span> <span class='ocrx_word' id='word_1_104' title='bbox 946 1757 1073 1832; x_wconf 85' lang='lat' dir='ltr'><strong>ingenio</strong></span> 
     </span>
     <span class='ocr_line' id='line_1_17' title="bbox 130 1851 1074 1938; baseline 0.004 -29"><span class='ocrx_word' id='word_1_105' title='bbox 130 1852 168 1909; x_wconf 87' lang='lat' dir='ltr'><strong>ad</strong></span> <span class='ocrx_word' id='word_1_106' title='bbox 190 1852 315 1910; x_wconf 86' lang='lat' dir='ltr'><strong>mitiora</strong></span> <span class='ocrx_word' id='word_1_107' title='bbox 333 1852 519 1910; x_wconf 86' lang='lat' dir='ltr'><strong>inclinantes</strong></span> <span class='ocrx_word' id='word_1_108' title='bbox 540 1851 709 1912; x_wconf 82' lang='lat' dir='ltr'><strong>Galliarum</strong></span> <span class='ocrx_word' id='word_1_109' title='bbox 729 1855 874 1913; x_wconf 87' lang='lat' dir='ltr'><strong>civitates</strong></span> <span class='ocrx_word' id='word_1_110' title='bbox 900 1856 933 1913; x_wconf 91' lang='lat' dir='ltr'><strong>in</strong></span> <span class='ocrx_word' id='word_1_111' title='bbox 959 1856 1074 1938; x_wconf 67' lang='lat' dir='ltr'><strong>Remos</strong></span> 
     </span>
     <span class='ocr_line' id='line_1_18' title="bbox 130 1949 1070 2029; baseline 0.003 -22"><span class='ocrx_word' id='word_1_112' title='bbox 130 1967 310 2008; x_wconf 83' lang='lat' dir='ltr'><strong>convenere.</strong></span> <span class='ocrx_word' id='word_1_113' title='bbox 348 1950 554 2009; x_wconf 87' lang='lat' dir='ltr'><strong>Treverorum</strong></span> <span class='ocrx_word' id='word_1_114' title='bbox 586 1949 701 2024; x_wconf 80' lang='lat' dir='ltr'><strong>legatio</strong></span> <span class='ocrx_word' id='word_1_115' title='bbox 738 1951 803 2010; x_wconf 89' lang='lat' dir='ltr'><strong>illic</strong></span> <span class='ocrx_word' id='word_1_116' title='bbox 838 1953 1070 2029; x_wconf 85' lang='lat' dir='ltr'><strong>opperiebatur,</strong></span> 
     </span>
     <span class='ocr_line' id='line_1_19' title="bbox 130 2047 1074 2112; baseline -0.001 -6"><span class='ocrx_word' id='word_1_117' title='bbox 130 2050 279 2107; x_wconf 85' lang='lat' dir='ltr'><strong>acerrimo</strong></span> <span class='ocrx_word' id='word_1_118' title='bbox 291 2049 473 2108; x_wconf 90' lang='lat' dir='ltr'><strong>instinctore</strong></span> <span class='ocrx_word' id='word_1_119' title='bbox 489 2049 562 2107; x_wconf 94' lang='lat' dir='ltr'><strong>belli</strong></span> <span class='ocrx_word' id='word_1_120' title='bbox 576 2050 595 2108; x_wconf 88' lang='lat' dir='ltr'>J</span> <span class='ocrx_word' id='word_1_121' title='bbox 598 2048 660 2107; x_wconf 91' lang='lat' dir='ltr'><strong>ulio</strong></span> <span class='ocrx_word' id='word_1_122' title='bbox 671 2047 848 2112; x_wconf 82' lang='lat' dir='ltr'><strong>Valentino.</strong></span> <span class='ocrx_word' id='word_1_123' title='bbox 877 2050 906 2107; x_wconf 89' lang='lat' dir='ltr'><strong>Is</strong></span> <span class='ocrx_word' id='word_1_124' title='bbox 921 2048 1074 2107; x_wconf 85' lang='lat' dir='ltr'><strong>meditata</strong></span> 
     </span>
     <span class='ocr_line' id='line_1_20' title="bbox 131 2146 1072 2223; baseline 0 -19"><span class='ocrx_word' id='word_1_125' title='bbox 131 2149 269 2206; x_wconf 83' lang='lat' dir='ltr'><strong>oratione</strong></span> <span class='ocrx_word' id='word_1_126' title='bbox 290 2150 400 2206; x_wconf 88' lang='lat' dir='ltr'><strong>cuncta</strong></span> <span class='ocrx_word' id='word_1_127' title='bbox 420 2148 540 2221; x_wconf 87' lang='lat' dir='ltr'><strong>magnis</strong></span> <span class='ocrx_word' id='word_1_128' title='bbox 562 2148 700 2223; x_wconf 85' lang='lat' dir='ltr'><strong>imperiis</strong></span> <span class='ocrx_word' id='word_1_129' title='bbox 721 2146 870 2222; x_wconf 88' lang='lat' dir='ltr'><strong>objectari</strong></span> <span class='ocrx_word' id='word_1_130' title='bbox 892 2147 986 2205; x_wconf 84' lang='lat' dir='ltr'><strong>solite</strong></span> <span class='ocrx_word' id='word_1_131' title='bbox 1001 2165 1072 2205; x_wconf 89' lang='lat' dir='ltr'><strong>con-</strong></span> 
     </span>
     <span class='ocr_line' id='line_1_21' title="bbox 129 2244 1070 2322; baseline 0 -18"><span class='ocrx_word' id='word_1_132' title='bbox 129 2248 332 2321; x_wconf 88' lang='lat' dir='ltr'><strong>tumeliasque</strong></span> <span class='ocrx_word' id='word_1_133' title='bbox 346 2249 378 2306; x_wconf 89' lang='lat' dir='ltr'><strong>et</strong></span> <span class='ocrx_word' id='word_1_134' title='bbox 392 2245 542 2304; x_wconf 88' lang='lat' dir='ltr'><strong>invidiam</strong></span> <span class='ocrx_word' id='word_1_135' title='bbox 557 2246 589 2303; x_wconf 89' lang='lat' dir='ltr'><strong>in</strong></span> <span class='ocrx_word' id='word_1_136' title='bbox 600 2244 746 2322; x_wconf 90' lang='lat' dir='ltr'><strong>populum</strong></span> <span class='ocrx_word' id='word_1_137' title='bbox 757 2246 929 2304; x_wconf 84' lang='lat' dir='ltr'><strong>Romanum</strong></span> <span class='ocrx_word' id='word_1_138' title='bbox 946 2245 1070 2312; x_wconf 85' lang='lat' dir='ltr'><strong>effudit,</strong></span> 
     </span>
     <span class='ocr_line' id='line_1_22' title="bbox 127 2343 1072 2418; baseline -0.001 -16"><span class='ocrx_word' id='word_1_139' title='bbox 127 2344 269 2402; x_wconf 86' lang='lat' dir='ltr'><strong>turbidus</strong></span> <span class='ocrx_word' id='word_1_140' title='bbox 290 2344 483 2402; x_wconf 84' lang='lat' dir='ltr'><strong>miscendis¹¹</strong></span> <span class='ocrx_word' id='word_1_141' title='bbox 503 2343 705 2400; x_wconf 89' lang='lat' dir='ltr'><strong>seditionibus</strong></span> <span class='ocrx_word' id='word_1_142' title='bbox 726 2344 757 2400; x_wconf 89' lang='lat' dir='ltr'><strong>et</strong></span> <span class='ocrx_word' id='word_1_143' title='bbox 776 2343 931 2418; x_wconf 90' lang='lat' dir='ltr'><strong>plerisque</strong></span> <span class='ocrx_word' id='word_1_144' title='bbox 961 2345 1072 2418; x_wconf 83' lang='lat' dir='ltr'><strong>gratus</strong></span> 
     </span>
     <span class='ocr_line' id='line_1_23' title="bbox 129 2442 432 2501; baseline 0.003 -2"><span class='ocrx_word' id='word_1_145' title='bbox 129 2443 263 2501; x_wconf 85' lang='lat' dir='ltr'><strong>vaeoordi</strong></span> <span class='ocrx_word' id='word_1_146' title='bbox 278 2442 432 2501; x_wconf 88' lang='lat' dir='ltr'><strong>facundia.</strong></span> 
     </span>
    </p>
   </div>
   <div class='ocr_carea' id='block_1_3' title="bbox 129 2551 1071 2824">
    <p class='ocr_par' dir='ltr' id='par_1_4' title="bbox 129 2551 1071 2824">
     <span class='ocr_line' id='line_1_24' title="bbox 171 2551 1071 2627; baseline -0.002 -17"><span class='ocrx_word' id='word_1_147' title='bbox 171 2552 221 2612; x_wconf 84' lang='grc'><strong>69.</strong></span> <span class='ocrx_word' id='word_1_148' title='bbox 245 2553 287 2611; x_wconf 89' lang='lat' dir='ltr'><strong>At</strong></span> <span class='ocrx_word' id='word_1_149' title='bbox 301 2552 403 2611; x_wconf 87' lang='lat' dir='ltr'><strong>Julius</strong></span> <span class='ocrx_word' id='word_1_150' title='bbox 417 2553 542 2627; x_wconf 85' lang='lat' dir='ltr'><strong>Auspex</strong></span> <span class='ocrx_word' id='word_1_151' title='bbox 563 2569 579 2608; x_wconf 96' lang='lat' dir='ltr'><strong>e</strong></span> <span class='ocrx_word' id='word_1_152' title='bbox 596 2551 782 2626; x_wconf 90' lang='lat' dir='ltr'><strong>primoribus</strong></span> <span class='ocrx_word' id='word_1_153' title='bbox 804 2552 987 2620; x_wconf 88' lang='lat' dir='ltr'><strong>Remorum,</strong></span> <span class='ocrx_word' id='word_1_154' title='bbox 1005 2552 1071 2609; x_wconf 84' lang='lat' dir='ltr'><strong>rim</strong></span> 
     </span>
     <span class='ocr_line' id='line_1_25' title="bbox 129 2645 1070 2727; baseline -0.007 -17"><span class='ocrx_word' id='word_1_155' title='bbox 129 2652 299 2710; x_wconf 89' lang='lat' dir='ltr'><strong>Romanam</strong></span> <span class='ocrx_word' id='word_1_156' title='bbox 314 2652 457 2727; x_wconf 87' lang='lat' dir='ltr'><strong>pacisque</strong></span> <span class='ocrx_word' id='word_1_157' title='bbox 483 2650 563 2708; x_wconf 91' lang='lat' dir='ltr'><strong>bona</strong></span> <span class='ocrx_word' id='word_1_158' title='bbox 587 2649 772 2717; x_wconf 84' lang='lat' dir='ltr'><strong>dissertans,</strong></span> <span class='ocrx_word' id='word_1_159' title='bbox 793 2649 828 2705; x_wconf 85' lang='lat' dir='ltr'><strong>et</strong></span> <span class='ocrx_word' id='word_1_160' title='bbox 852 2646 931 2704; x_wconf 91' lang='lat' dir='ltr'><strong>sumi</strong></span> <span class='ocrx_word' id='word_1_161' title='bbox 954 2645 1070 2704; x_wconf 93' lang='lat' dir='ltr'><strong>bellum</strong></span> 
     </span>
     <span class='ocr_line' id='line_1_26' title="bbox 129 2742 1067 2824; baseline -0.006 -18"><span class='ocrx_word' id='word_1_162' title='bbox 129 2748 223 2806; x_wconf 88' lang='lat' dir='ltr'><strong>etiam</strong></span> <span class='ocrx_word' id='word_1_163' title='bbox 238 2749 275 2806; x_wconf 88' lang='lat' dir='ltr'><strong>ab</strong></span> <span class='ocrx_word' id='word_1_164' title='bbox 292 2749 430 2824; x_wconf 83' lang='lat' dir='ltr'><strong>ignavis,</strong></span> <span class='ocrx_word' id='word_1_165' title='bbox 448 2746 654 2806; x_wconf 87' lang='lat' dir='ltr'><strong>strenuissimi</strong></span> <span class='ocrx_word' id='word_1_166' title='bbox 669 2745 815 2822; x_wconf 87' lang='lat' dir='ltr'><strong>cujusque</strong></span> <span class='ocrx_word' id='word_1_167' title='bbox 831 2742 968 2818; x_wconf 83' lang='lat' dir='ltr'><strong>periculo</strong></span> <span class='ocrx_word' id='word_1_168' title='bbox 983 2744 1067 2818; x_wconf 87' lang='lat' dir='ltr'><strong>geri,</strong></span> 
     </span>
    </p>
   </div>
   <div class='ocr_carea' id='block_1_4' title="bbox 128 2887 1070 3283">
    <p class='ocr_par' dir='ltr' id='par_1_5' title="bbox 128 2887 1070 3153">
     <span class='ocr_line' id='line_1_27' title="bbox 162 2887 1070 2956; baseline -0.006 -15"><span class='ocrx_word' id='word_1_169' title='bbox 162 2899 184 2941; x_wconf 80' lang='grc'><strong>6.</strong></span> <span class='ocrx_word' id='word_1_170' title='bbox 204 2894 362 2956; x_wconf 85' lang='lat' dir='ltr'><strong>Quamquam</strong></span> <span class='ocrx_word' id='word_1_171' title='bbox 375 2893 496 2941; x_wconf 78' lang='lat' dir='ltr'><strong>senatorii</strong></span> <span class='ocrx_word' id='word_1_172' title='bbox 508 2893 575 2940; x_wconf 79' lang='lat' dir='ltr'><strong>ordi·</strong></span> <span class='ocrx_word' id='word_1_173' title='bbox 656 2896 678 2938; x_wconf 85' lang='lat'><strong>9.</strong></span> <span class='ocrx_word' id='word_1_174' title='bbox 692 2889 803 2939; x_wconf 81' lang='lat' dir='ltr'><strong>Poeaiais</strong></span> <span class='ocrx_word' id='word_1_175' title='bbox 812 2887 980 2951; x_wconf 77' lang='lat' dir='ltr'><strong>Cottianisque</strong></span> <span class='ocrx_word' id='word_1_176' title='bbox 988 2887 1022 2952; x_wconf 89' lang='lat' dir='ltr'><strong>(v.</strong></span> <span class='ocrx_word' id='word_1_177' title='bbox 1033 2889 1070 2938; x_wconf 87' lang='lat' dir='ltr'><strong>les</strong></span> 
     </span>
     <span class='ocr_line' id='line_1_28' title="bbox 129 2953 1069 3022; baseline -0.004 -16"><span class='ocrx_word' id='word_1_178' title='bbox 129 2960 177 3007; x_wconf 79' lang='lat' dir='ltr'><strong>nie.</strong></span> <span class='ocrx_word' id='word_1_179' title='bbox 208 2957 295 3007; x_wconf 76' lang='lat' dir='ltr'><strong>C&#39;etait</strong></span> <span class='ocrx_word' id='word_1_180' title='bbox 323 2959 347 3007; x_wconf 86' lang='lat' dir='ltr'><strong>la</strong></span> <span class='ocrx_word' id='word_1_181' title='bbox 370 2959 453 3022; x_wconf 77' lang='lat' dir='ltr'><strong>regie,</strong></span> <span class='ocrx_word' id='word_1_182' title='bbox 483 2957 573 3021; x_wconf 88' lang='lat' dir='ltr'><strong>depuis</strong></span> <span class='ocrx_word' id='word_1_183' title='bbox 623 2963 793 3012; x_wconf 75' lang='lat' dir='ltr'><strong>noteslet2‚</strong></span> <span class='ocrx_word' id='word_1_184' title='bbox 808 2953 888 3016; x_wconf 88' lang='lat' dir='ltr'><strong>l,6l).</strong></span> <span class='ocrx_word' id='word_1_185' title='bbox 907 2953 1069 3003; x_wconf 82' lang='lat' dir='ltr'><strong>Cesablatifs</strong></span> 
     </span>
     <span class='ocr_line' id='line_1_29' title="bbox 129 3019 1068 3088; baseline -0.003 -17"><span class='ocrx_word' id='word_1_186' title='bbox 129 3024 253 3088; x_wconf 74' lang='lat' dir='ltr'><strong>Auguste,</strong></span> <span class='ocrx_word' id='word_1_187' title='bbox 270 3024 301 3072; x_wconf 89' lang='lat' dir='ltr'><strong>de</strong></span> <span class='ocrx_word' id='word_1_188' title='bbox 317 3022 409 3072; x_wconf 87' lang='lat' dir='ltr'><strong>choisir</strong></span> <span class='ocrx_word' id='word_1_189' title='bbox 427 3024 462 3071; x_wconf 89' lang='lat' dir='ltr'><strong>les</strong></span> <span class='ocrx_word' id='word_1_190' title='bbox 480 3022 573 3086; x_wconf 84' lang='lat' dir='ltr'><strong>pre&#39;iets</strong></span> <span class='ocrx_word' id='word_1_191' title='bbox 623 3022 673 3069; x_wconf 75' lang='lat' dir='ltr'><strong>sla</strong></span> <span class='ocrx_word' id='word_1_192' title='bbox 686 3019 800 3084; x_wconf 83' lang='lat' dir='ltr'><strong>question</strong></span> <span class='ocrx_word' id='word_1_193' title='bbox 812 3034 863 3080; x_wconf 81' lang='lat' dir='ltr'><strong>qua</strong></span> <span class='ocrx_word' id='word_1_194' title='bbox 873 3026 930 3066; x_wconf 88' lang='lat' dir='ltr'><strong>sont</strong></span> <span class='ocrx_word' id='word_1_195' title='bbox 939 3020 1068 3085; x_wconf 76' lang='lat' dir='ltr'><strong>employes</strong></span> 
     </span>
     <span class='ocr_line' id='line_1_30' title="bbox 128 3083 1069 3153; baseline -0.004 -16"><span class='ocrx_word' id='word_1_196' title='bbox 128 3087 571 3153; x_wconf 79' lang='lat' dir='ltr'><strong>dupre&#39;toiredansl&#39;ordreequestre.</strong></span> <span class='ocrx_word' id='word_1_197' title='bbox 622 3087 679 3151; x_wconf 89' lang='lat' dir='ltr'><strong>plus</strong></span> <span class='ocrx_word' id='word_1_198' title='bbox 701 3085 833 3135; x_wconf 85' lang='lat' dir='ltr'><strong>lihremeut</strong></span> <span class='ocrx_word' id='word_1_199' title='bbox 853 3098 898 3148; x_wconf 82' lang='lat' dir='ltr'><strong>par</strong></span> <span class='ocrx_word' id='word_1_200' title='bbox 915 3083 1001 3133; x_wconf 83' lang='lat' dir='ltr'><strong>Tacite</strong></span> <span class='ocrx_word' id='word_1_201' title='bbox 1020 3101 1069 3150; x_wconf 93' lang='lat' dir='ltr'><strong>que</strong></span> 
     </span>
    </p>

    <p class='ocr_par' dir='ltr' id='par_1_6' title="bbox 128 3147 1066 3283">
     <span class='ocr_line' id='line_1_31' title="bbox 161 3147 984 3218; baseline -0.004 -17"><span class='ocrx_word' id='word_1_202' title='bbox 161 3162 183 3202; x_wconf 85' lang='lat'><strong>7.</strong></span> <span class='ocrx_word' id='word_1_203' title='bbox 197 3154 236 3202; x_wconf 77' lang='lat' dir='ltr'><strong>Aa</strong></span> <span class='ocrx_word' id='word_1_204' title='bbox 246 3162 365 3217; x_wconf 78' lang='lat' dir='ltr'><strong>utroque,</strong></span> <span class='ocrx_word' id='word_1_205' title='bbox 375 3151 434 3218; x_wconf 88' lang='lat' dir='ltr'><strong>qu&#39;il</strong></span> <span class='ocrx_word' id='word_1_206' title='bbox 444 3153 572 3202; x_wconf 84' lang='lat' dir='ltr'><strong>convenait</strong></span> <span class='ocrx_word' id='word_1_207' title='bbox 612 3167 667 3216; x_wconf 85' lang='lat' dir='ltr'><strong>par</strong></span> <span class='ocrx_word' id='word_1_208' title='bbox 679 3151 715 3200; x_wconf 88' lang='lat' dir='ltr'><strong>les</strong></span> <span class='ocrx_word' id='word_1_209' title='bbox 727 3160 826 3199; x_wconf 83' lang='lat' dir='ltr'><strong>auteurs</strong></span> <span class='ocrx_word' id='word_1_210' title='bbox 839 3147 984 3214; x_wconf 82' lang='lat' dir='ltr'><strong>classiques.</strong></span> 
     </span>
     <span class='ocr_line' id='line_1_32' title="bbox 128 3214 1066 3283; baseline -0.004 -15"><span class='ocrx_word' id='word_1_211' title='bbox 128 3237 177 3268; x_wconf 84' lang='lat' dir='ltr'><strong>aux</strong></span> <span class='ocrx_word' id='word_1_212' title='bbox 190 3219 313 3269; x_wconf 87' lang='lat' dir='ltr'><strong>fonctions</strong></span> <span class='ocrx_word' id='word_1_213' title='bbox 331 3218 362 3267; x_wconf 89' lang='lat' dir='ltr'><strong>de</strong></span> <span class='ocrx_word' id='word_1_214' title='bbox 378 3217 458 3283; x_wconf 73' lang='lat' dir='ltr'><strong>pretet</strong></span> <span class='ocrx_word' id='word_1_215' title='bbox 477 3233 572 3268; x_wconf 89' lang='lat' dir='ltr'><strong>comme</strong></span> <span class='ocrx_word' id='word_1_216' title='bbox 656 3223 691 3267; x_wconf 89' lang='lat'><strong>10.</strong></span> <span class='ocrx_word' id='word_1_217' title='bbox 713 3217 793 3264; x_wconf 85' lang='lat' dir='ltr'><strong>Monte</strong></span> <span class='ocrx_word' id='word_1_218' title='bbox 815 3214 901 3272; x_wconf 80' lang='lat' dir='ltr'><strong>Graiu,</strong></span> <span class='ocrx_word' id='word_1_219' title='bbox 926 3231 948 3264; x_wconf 83' lang='lat' dir='ltr'><strong>u.</strong></span> <span class='ocrx_word' id='word_1_220' title='bbox 975 3214 1009 3273; x_wconf 88' lang='lat' dir='ltr'><strong>ll,</strong></span> <span class='ocrx_word' id='word_1_221' title='bbox 1029 3222 1066 3272; x_wconf 85' lang='grc'><strong>66,</strong></span> 
     </span>
    </p>
   </div>
   <div class='ocr_carea' id='block_1_5' title="bbox 126 3285 1065 3414">
    <p class='ocr_par' dir='ltr' id='par_1_7' title="bbox 126 3285 1065 3414">
     <span class='ocr_line' id='line_1_33' title="bbox 126 3285 686 3334; baseline -0.009 0"><span class='ocrx_word' id='word_1_222' title='bbox 126 3289 140 3334; x_wconf 74' lang='lat' dir='ltr'><strong>a</strong></span> <span class='ocrx_word' id='word_1_223' title='bbox 153 3286 228 3334; x_wconf 84' lang='lat' dir='ltr'><strong>celles</strong></span> <span class='ocrx_word' id='word_1_224' title='bbox 239 3285 271 3334; x_wconf 91' lang='lat' dir='ltr'><strong>de</strong></span> <span class='ocrx_word' id='word_1_225' title='bbox 283 3287 405 3333; x_wconf 84' lang='lat' dir='ltr'><strong>se&#39;nateur.</strong></span> <span class='ocrx_word' id='word_1_226' title='bbox 621 3298 646 3332; x_wconf 89' lang='lat' dir='ltr'><strong>n.</strong></span> <span class='ocrx_word' id='word_1_227' title='bbox 664 3290 686 3330; x_wconf 83' lang='grc'><strong>4.</strong></span> 
     </span>
     <span class='ocr_line' id='line_1_34' title="bbox 161 3345 1065 3414; baseline -0.006 -15"><span class='ocrx_word' id='word_1_228' title='bbox 161 3349 377 3407; x_wconf 66' lang='lat' dir='ltr'><strong>ambitionem,</strong></span> <span class='ocrx_word' id='word_1_229' title='bbox 398 3348 494 3414; x_wconf 81' lang='lat' dir='ltr'><strong>brigue.</strong></span> <span class='ocrx_word' id='word_1_230' title='bbox 520 3349 571 3398; x_wconf 88' lang='lat' dir='ltr'><strong>llu-</strong></span> <span class='ocrx_word' id='word_1_231' title='bbox 655 3354 690 3395; x_wconf 84' lang='grc'><strong>11.</strong></span> <span class='ocrx_word' id='word_1_232' title='bbox 712 3345 1065 3403; x_wconf 75' lang='lat' dir='ltr'><strong>Turbidus-seditionibus,</strong></span> 
     </span>
    </p>
   </div>
   <div class='ocr_carea' id='block_1_6' title="bbox 106 3409 1065 3614">
    <p class='ocr_par' dir='ltr' id='par_1_8' title="bbox 106 3409 1065 3614">
     <span class='ocr_line' id='line_1_35' title="bbox 126 3409 1065 3480; baseline -0.005 -15"><span class='ocrx_word' id='word_1_233' title='bbox 126 3415 181 3465; x_wconf 82' lang='lat' dir='ltr'><strong>rien</strong></span> <span class='ocrx_word' id='word_1_234' title='bbox 194 3415 245 3480; x_wconf 84' lang='lat' dir='ltr'><strong>prit</strong></span> <span class='ocrx_word' id='word_1_235' title='bbox 256 3416 292 3465; x_wconf 91' lang='lat' dir='ltr'><strong>les</strong></span> <span class='ocrx_word' id='word_1_236' title='bbox 305 3432 351 3464; x_wconf 88' lang='lat' dir='ltr'><strong>uns</strong></span> <span class='ocrx_word' id='word_1_237' title='bbox 363 3418 460 3463; x_wconf 77' lang='lat' dir='ltr'><strong>dcause</strong></span> <span class='ocrx_word' id='word_1_238' title='bbox 472 3415 503 3463; x_wconf 91' lang='lat' dir='ltr'><strong>de</strong></span> <span class='ocrx_word' id='word_1_239' title='bbox 517 3416 571 3464; x_wconf 86' lang='lat' dir='ltr'><strong>leur</strong></span> <span class='ocrx_word' id='word_1_240' title='bbox 620 3413 712 3463; x_wconf 60' lang='lat' dir='ltr'><strong>titios:</strong></span> <span class='ocrx_word' id='word_1_241' title='bbox 727 3410 856 3460; x_wconf 88' lang='lat' dir='ltr'><strong>turbulent</strong></span> <span class='ocrx_word' id='word_1_242' title='bbox 864 3426 929 3476; x_wconf 87' lang='lat' dir='ltr'><strong>pour</strong></span> <span class='ocrx_word' id='word_1_243' title='bbox 940 3409 1065 3462; x_wconf 80' lang='lat' dir='ltr'><strong>exciter...</strong></span> 
     </span>
     <span class='ocr_line' id='line_1_36' title="bbox 116 3475 1065 3552; baseline -0.004 -18"><span class='ocrx_word' id='word_1_244' title='bbox 116 3479 575 3552; x_wconf 76' lang='lat' dir='ltr'><strong>illustration,loseutresparcequ&#39;ils</strong></span> <span class='ocrx_word' id='word_1_245' title='bbox 621 3480 651 3530; x_wconf 79' lang='lat' dir='ltr'><strong>V.</strong></span> <span class='ocrx_word' id='word_1_246' title='bbox 667 3479 690 3528; x_wconf 83' lang='lat' dir='ltr'><strong>le</strong></span> <span class='ocrx_word' id='word_1_247' title='bbox 702 3475 766 3528; x_wconf 83' lang='lat' dir='ltr'><strong>datii</strong></span> <span class='ocrx_word' id='word_1_248' title='bbox 780 3475 814 3526; x_wconf 92' lang='lat' dir='ltr'><strong>du</strong></span> <span class='ocrx_word' id='word_1_249' title='bbox 826 3475 871 3527; x_wconf 89' lang='lat' dir='ltr'><strong>but</strong></span> <span class='ocrx_word' id='word_1_250' title='bbox 887 3492 920 3525; x_wconf 90' lang='lat' dir='ltr'><strong>ou</strong></span> <span class='ocrx_word' id='word_1_251' title='bbox 932 3475 964 3526; x_wconf 86' lang='lat' dir='ltr'><strong>de</strong></span> <span class='ocrx_word' id='word_1_252' title='bbox 975 3475 1001 3528; x_wconf 86' lang='lat' dir='ltr'><strong>la</strong></span> <span class='ocrx_word' id='word_1_253' title='bbox 1013 3476 1065 3530; x_wconf 81' lang='lat' dir='ltr'><strong>des·</strong></span> 
     </span>
     <span class='ocr_line' id='line_1_37' title="bbox 106 3542 957 3614; baseline -0.021 0"><span class='ocrx_word' id='word_1_254' title='bbox 106 3551 134 3614; x_wconf 77' lang='grc' dir='ltr'><strong>Ιθ</strong></span> <span class='ocrx_word' id='word_1_255' title='bbox 146 3551 348 3612; x_wconf 77' lang='lat' dir='ltr'><strong>demaiidaiettt.</strong></span> <span class='ocrx_word' id='word_1_256' title='bbox 630 3542 957 3614; x_wconf 58' lang='lat' dir='ltr'><strong>inausuqsteusess,</strong></span> 
     </span>
    </p>
   </div>
   <div class='ocr_carea' id='block_1_7' title="bbox 0 0 1178 3922">
    <p class='ocr_par' dir='ltr' id='par_1_9' title="bbox 0 0 1178 3922">
     <span class='ocr_line' id='line_1_38' title="bbox 0 0 1178 3922; baseline 0 1"><span class='ocrx_word' id='word_1_257' title='bbox 0 0 1178 3922; x_wconf 95' lang='lat' dir='ltr'><strong> </strong></span> 
     </span>
    </p>
   </div>
  </div>
 </body>
</html>
