2346 3922
367 275 457 318 araus
478 275 512 323 11.
536 275 603 318 cae.
627 259 760 322 75—77.
991 259 1050 320 153

111 406 202 463 nesta
215 405 279 463 tam
294 407 363 464 tuta
377 406 510 464 servitus
525 407 616 465 esset.
640 407 726 465 Abiit
736 409 758 443 ¹⁰
768 407 833 483 jam
849 413 879 468 et
894 412 1049 467 transvec-

110 504 179 559 tum
194 505 241 561 est
260 505 380 580 tempus
395 522 454 579 quo
469 521 571 580 posses
587 504 685 562 videri
702 508 877 582 concupisse
887 509 926 566 ¹¹:
947 507 1048 564 confu-

112 602 257 676 giendum
285 605 332 662 est
359 605 397 662 ad
424 605 596 679 imperium.
628 607 675 663 An
704 606 850 664 excidit¹¹
879 606 1050 664 trucidatus

113 701 262 759 Corbulol
295 702 490 776 Splendidior
519 703 545 761 is
573 703 692 776 origine
720 721 810 777 quam
843 722 897 762 uos
928 721 1048 770 sumus,

112 795 223 866 fateor,
240 798 291 856 sed
304 801 335 856 et
348 799 431 857 Nero
445 799 607 857 nobilitate
623 799 770 857 natalium
782 801 941 859 Vitellium
966 803 1050 857 ante·

113 895 191 953 ibat.
205 896 289 954 Satis
304 896 404 954 clarus
419 900 465 955 est
482 897 563 972 apud
578 898 736 955 timentem
752 898 889 972 quisquis
910 899 1048 956 timetur.

113 993 154 1050 Et
169 1009 256 1066 posse
274 993 312 1050 ab
328 994 464 1059 exercitu
481 993 649 1068 principem
671 992 737 1051 fleri
753 995 811 1051 sibi
828 995 891 1069 ipse
906 994 1050 1053 Vitellius

113 1088 308 1157 documento,
347 1089 439 1147 nullis
468 1090 645 1165 stipendiis,
683 1090 768 1149 nulla
796 1089 924 1149 militari
952 1090 1048 1157 fama,

114 1185 219 1244 Galbae
234 1187 303 1245 odio
317 1191 490 1263 provectus.
519 1188 566 1247 Ne
582 1189 731 1247 Othonem
747 1189 868 1263 quidem
884 1188 969 1246 ducis
983 1194 1051 1246 arte

113 1290 169 1345 aut
180 1287 331 1347 exercitus
339 1289 382 1359 vi,
392 1289 443 1347 sed
455 1306 649 1365 praepropera
661 1291 757 1364 ipsius
769 1290 980 1365 desperatione
988 1288 1050 1343 vic·

114 1387 191 1453 tum,
209 1384 275 1460 jam
290 1386 521 1445 desiderabilem
536 1390 567 1445 et
583 1403 725 1461 magnum
745 1387 914 1461 principem
934 1385 1049 1451 fecit¹³,

114 1501 184 1540 cum
201 1485 324 1542 interim
339 1486 457 1561 spargit
472 1485 628 1558 legiones,
647 1487 786 1543 exarmat
800 1485 954 1552 cohortes,
973 1499 1053 1540 nova

114 1581 229 1639 cotidie
256 1581 335 1639 bello
364 1583 482 1641 semina
510 1583 678 1642 ministrat.
709 1583 743 1640 Si
772 1583 844 1657 quid
869 1581 987 1640 ardoris
1016 1598 1052 1637 ac

113 1679 235 1736 ferociae
260 1680 347 1738 miles
376 1681 499 1749 habuit,
527 1681 649 1756 popinis
675 1684 706 1739 et
732 1680 996 1739 comissationibus
1021 1684 1052 1736 et

114 1778 264 1852 principis
286 1779 458 1837 imitatione
480 1778 650 1837 deteritur:
668 1779 725 1836 tibi
746 1797 761 1836 e
781 1779 887 1838 Judaea
908 1782 939 1835 et
960 1777 1053 1852 Syria

114 1878 147 1934 et
172 1877 310 1952 AEgypto
336 1894 443 1936 novem
469 1876 604 1951 legiones
630 1878 772 1952 integrm,
801 1876 885 1935 nulla
909 1877 974 1933 acie
1002 1893 1051 1932 ex-

115 1975 247 2043 haustae,
272 1993 332 2032 uon
354 1977 506 2034 discordia
527 1979 692 2052 corruptae,
724 1976 776 2034 sed
800 1977 939 2034 firmatus
948 1975 969 2009 ¹¹
996 1990 1051 2030 usu

115 2070 204 2128 miles
232 2073 262 2129 et
291 2070 363 2129 belli
385 2072 517 2130 domitor
537 2072 705 2140 externi¹¹3
729 2071 888 2138 classium,
916 2069 1051 2137 alarum,

114 2167 315 2225 cohortium¹¹
330 2170 440 2227 robora
465 2172 496 2227 et
520 2168 659 2227 fidissimi
694 2170 813 2243 reges¹⁷
842 2174 874 2227 et
898 2171 952 2225 tua
981 2171 1053 2226 ante

114 2267 251 2324 omnes¹⁸
273 2268 508 2341 experientia.»

157 2371 209 2426 77.
241 2395 255 2416 u
283 2371 380 2429 Nobis
409 2371 487 2430 nihil
515 2372 598 2429 ultra
632 2371 782 2445 arrogabo
804 2388 895 2444 quam
927 2387 964 2426 ne
987 2371 1055 2444 post

115 2466 277 2526 Valentem
289 2470 319 2526 et
327 2470 477 2527 Caecinam
489 2487 694 2528 numeremur.
707 2469 754 2527 Ne
766 2472 866 2526 tamen
879 2467 1055 2526 Mucianum

114 2565 232 2622 socium
260 2567 427 2641 spreveris,
459 2568 531 2640 quia
551 2566 692 2624 aemulum
719 2583 779 2623 non
805 2565 979 2640 experiris:
1008 2581 1056 2620 mo

115 2663 244 2723 Vitellio
266 2668 430 2740 antepono,
457 2667 488 2723 te
509 2666 596 2725 mihi.
624 2665 697 2722 Tuae
722 2662 824 2721 domui
850 2660 1054 2738 triumphale¹

153 2815 188 2856 10.
208 2807 274 2857 Abiu
288 2815 310 2857 et
327 2815 496 2858 troruvectum
513 2817 560 2867 est,
647 2814 682 2856 13.
702 2805 721 2854 ll
740 2821 754 2871 y
773 2821 786 2854 a
806 2803 837 2854 ici
857 2805 923 2853 doux
947 2803 1057 2868 proposi·

116 2873 185 2922 dcux
205 2890 365 2940 synonymes,
384 2890 447 2939 pour
464 2874 563 2924 insistet
612 2872 677 2922 tions
696 2870 794 2920 reunies
813 2887 842 2919 en
856 2886 905 2918 une
917 2869 1002 2917 scale:
1022 2869 1057 2918 Ne

116 2956 161 2988 sur
173 2938 246 2987 i'ide'e
258 2940 392 3004 exprime'c.
614 2938 676 2986 ollio
684 2939 884 3000 quidem-uictus
893 2942 939 2990 est,
954 2942 976 2982 et
984 2932 1057 2982 Ollio·

152 3014 188 3053 ll.
209 3006 311 3054 Leaena
324 3015 377 3054 est:
398 3003 523 3054 Autreiois
535 3013 562 3053 tu
613 3019 669 3051 nera
685 3004 741 3064 pom
758 3001 947 3050 desiderabilem
962 3001 1057 3061 priuci-

117 3069 201 3118 aumis
225 3087 257 3134 pu
282 3074 388 3135 paraitre
418 3069 564 3119 rechercher
612 3085 669 3132 pem
685 3067 874 3131 [eoitVitrllius.

117 3134 230 3209 l’empire
251 3151 295 3199 par
313 3134 447 3191 ambition,
467 3133 564 3197 aujour-
648 3142 684 3182 14.
704 3130 812 3182 Endurci
829 3146 874 3195 par
885 3129 1022 3203 l'exercice.

118 3201 187 3250 d'hnr
206 3209 232 3248 tu
248 3218 275 3248 es
296 3201 363 3251 loree'
384 3200 422 3265 dy
446 3199 565 3249 cherchcr
649 3206 683 3247 15.
704 3198 894 3247 Gucrrccontre
906 3194 1023 3243 lesluiis.

117 3284 152 3316 un
165 3265 252 3330 refuge
264 3275 350 3314 contre
363 3264 486 3314 Vitellius.
650 3270 684 3312 lo.
704 3263 732 3310 V.
746 3261 786 3309 ch.
803 3269 841 3318 ll,
858 3269 914 3308 note
926 3266 948 3306 9.

154 3340 190 3380 12.
209 3331 309 3380 Excidit
322 3348 355 3380 sc.
369 3333 499 3380 memorio.
517 3330 563 3378 Cn.
599 3340 603 3345 '
650 3335 684 3377 ll.
703 3327 789 3390 Renes,
805 3342 826 3375 v.
839 3325 880 3375 oh.
893 3332 930 3373 81.

118 3397 240 3446 Domitius
262 3396 370 3445 Corbulo
394 3412 420 3444 se
440 3394 566 3460 distingue
651 3401 685 3441 18.
706 3387 1006 3456 Experienccquit'dldve
1019 3405 1060 3437 au·

118 3473 205 3512 contre
223 3463 259 3511 lca
275 3461 378 3511 Parthos
396 3477 453 3511 sous
470 3462 564 3517 Neron,
615 3458 703 3506 dossus
714 3456 812 3504 detous
823 3456 860 3530 les
872 3455 1007 3527 genereus.

119 3528 161 3595 qui
175 3530 198 3579 lc
211 3529 237 3578 lit
250 3527 395 3578 assassiner.
652 3529 705 3571 π.
725 3529 746 3571 l.
759 3522 892 3587 Vespasien
909 3528 973 3567 avan
984 3534 1058 3578 recu,

970 3610 997 3658 9,
