2346 3922
992 198 1053 260 263

116 345 334 422 triumphalem
343 345 375 415 ¹⁴,
389 343 538 421 juvenum
552 345 720 405 liberorum
734 345 868 420 patrem,
891 347 1054 423 praeceptis

117 445 280 502 coerceret.
309 443 477 508 Quomodo
496 443 637 520 pessimis
658 442 896 519 imperatoribus
912 445 980 503 sine
993 445 1054 505 fine

115 542 369 610 dominationem,
398 542 443 599 ita
467 541 640 616 quamvis¹³
661 540 795 615 egregiis
817 540 940 599 modum
960 541 1052 602 liber·

114 640 190 698 tatis
218 639 349 716 placere.
381 641 454 699 Haec
480 640 600 717 magnis
617 640 780 713 utrimque
805 640 1053 702 contentionibus

110 735 230 812 jactata
244 737 374 796 diversis
390 736 501 796 studiis
521 737 763 813 accipiebantur.
794 735 880 795 Vicit
897 754 971 811 pars
985 755 1052 813 quae

116 836 220 894 sortiri
241 836 358 910 legatos
373 835 521 905 malebat,
545 836 639 894 etiam
660 833 801 892 mediis¹⁶
821 835 945 908 patrum
966 834 1051 893 adni-

116 935 252 993 tentibus
277 934 411 992 retinere
432 951 562 1004 morem;
585 935 615 991 et
640 929 904 1008 splendidissimus
925 932 1053 1008 quisque

116 1033 220 1090 eodem
235 1031 419 1100 inclinabat,
437 1032 519 1089 metu
536 1030 661 1089 invidiae
676 1031 702 1088 si
719 1030 778 1105 ipsi
793 1029 993 1105 eligerentur.

157 1135 186 1194 9.
211 1133 356 1192 Secutum
376 1131 460 1190 aliud
478 1134 643 1191 certamen.
671 1132 824 1191 Praetores
845 1133 948 1191 aerarii
970 1134 1051 1210 (nam

116 1236 181 1291 tum
210 1250 228 1291 a
256 1232 455 1308 praetoribusl
485 1232 678 1291 tractabatur
704 1232 865 1309 aerarium)
899 1235 1052 1310 publicam

115 1332 326 1407 paupertatem
355 1331 455 1405 questi
484 1331 607 1388 modum
635 1330 781 1406 impensis
805 1333 1049 1408 postulaverant.

116 1428 190 1489 llam
205 1445 308 1488 curam
324 1428 429 1487 consul
448 1429 624 1505 designatus
640 1429 677 1486 ob
692 1428 936 1505 magnitudinem
950 1434 1052 1492 oneris

115 1532 146 1587 et
159 1528 286 1587 remedii
304 1525 512 1585 difficultatem
527 1526 661 1603 principi
676 1526 872 1598 reservabat3
889 1528 1052 1590 Helvidius

114 1626 244 1685 arbitrio
269 1627 392 1684 senatus
421 1625 571 1701 agendum
597 1626 726 1686 censuit.
755 1625 830 1686 Cum
849 1631 1052 1706 perrogarent

116 1724 284 1786 sententias
312 1723 465 1794 consules,
496 1722 656 1784 Volcatius
685 1725 876 1785 Tertullinus
908 1727 1052 1787 tribunus

116 1824 213 1900 plebis
233 1824 407 1882 intercessit
431 1842 469 1881 ne
489 1825 562 1899 quid
581 1842 673 1900 super
687 1827 775 1883 tanta
793 1841 827 1883 re
847 1824 986 1902 principe
1001 1826 1051 1884 ab·

117 1926 202 1981 sente
217 1924 415 1982 statueretur.
443 1921 611 1981 censuerat
631 1921 794 1982 Helvidius
815 1923 850 1979 ut
865 1920 1051 1999 Capitolium

385 213 475 257 nnana
496 213 539 259 ru.
564 213 630 257 car.
655 196 767 256 8-10.

117 2021 237 2096 publice
265 2020 492 2090 restitueretur,
530 2017 691 2094 adjuvaret
719 2019 938 2095 Vespasianus.
976 2022 1052 2080 Eam

115 2120 300 2178 sententiam
327 2117 588 2176 modestissimus²
614 2119 741 2194 quisque
769 2117 910 2188 silentio,
942 2117 1051 2178 deinde

116 2218 248 2276 oblivio³
262 2215 445 2275 transmisit.
473 2215 571 2274 Fuere
587 2216 639 2290 qui
655 2218 686 2275 et
701 2215 941 2276 meminissent⁴.

159 2317 207 2376 10.
232 2316 310 2374 Tum
325 2315 464 2372 invectus
479 2317 526 2373 est
546 2314 704 2373 Musonius
719 2314 836 2374 Rufus¹
859 2315 890 2373 in
912 2315 949 2376 P.
968 2312 1050 2373 Cele-

151 2475 186 2519 14.
209 2469 491 2532 Tmumpbctemseaem.
502 2467 559 2516 Ves-

119 2534 217 2600 pasien,
238 2533 282 2600 qui
299 2533 399 2599 pouvait
410 2534 475 2582 alors
493 2531 561 2581 avoir

119 2607 146 2649 59
172 2616 229 2657 ans,
254 2598 333 2648 s'etait
355 2597 480 2663 distingue
503 2613 561 2647 sous

120 2665 213 2716 Glande
253 2679 348 2714 comme
387 2663 561 2712 commendant

120 2730 194 2779 d'unc
206 2729 287 2795 legion
298 2745 329 2777 en
337 2729 457 2794 Brelagne
465 2738 490 2777 et
498 2727 562 2777 avait

120 2812 177 2853 recu
190 2797 227 2844 les
234 2803 375 2845 ornaments
384 2793 417 2842 du
427 2792 559 2857 triomphe.

153 2869 188 2910 15.
208 2863 328 2923 Quamvis
338 2882 370 2901 =
380 2861 548 2922 quantumuis.

154 2934 189 2975 16.
208 2928 307 2983 Mediis,
321 2940 383 2974 ceux
396 2924 430 2972 dn
440 2922 507 2986 juste
518 2923 562 2972 mi-

119 2991 182 3048 lieu,
196 3008 259 3041 ceux
272 2990 315 3055 qui
328 2989 444 3039 n‘ctaient
456 2988 561 3039 d'aucuu

136 3057 191 3106 arti.

119 3072 183 3170 po.
204 3129 224 3169 l.
247 3120 410 3170 Praetoribus.
432 3117 562 3168 L'admini-

118 3186 220 3236 stratiou
237 3186 271 3234 du
284 3189 371 3244 tresor,
390 3185 448 3250 qui,
469 3201 526 3234 sous
538 3185 562 3234 la

120 3251 285 3316 republique,
324 3249 480 3316 appartcnait
513 3266 562 3299 aux

120 3327 262 3381 questeurs,
286 3316 323 3365 lut
341 3315 436 3365 confide
456 3316 561 3381 pardu-

137 3392 191 3432 uste
214 3386 228 3431 a
251 3382 317 3430 deux
334 3385 446 3446 preteurs
466 3383 503 3443 (²3
523 3397 560 3433 av.

120 3400 207 3511 id),
219 3457 244 3496 et
253 3447 346 3496 rendue
355 3462 400 3513 par
408 3446 502 3496 Claude
514 3463 563 3498 aux

610 2477 756 2532 questeurs,
783 2467 826 2532 qui
844 2470 965 2518 restarent
987 2467 1052 2518 alors

610 2548 641 2581 cn
664 2532 754 2598 charge
781 2533 892 2598 pendant
914 2532 973 2583 trois
996 2547 1050 2583 ens.

609 2597 742 2662 Vespasien
758 2597 782 2646 la
797 2598 869 2649 remit
884 2598 916 2647 dc
938 2614 1051 2649 nouveau

610 2679 659 2712 aux
671 2665 793 2729 preteurs.

644 2736 665 2777 2.
684 2730 876 2779 Modestiscimas
887 2731 1000 2794 quisquc,
1016 2728 1052 2778 les

609 2793 667 2858 plus
679 2794 800 2844 moderes.

644 2866 666 2908 3.
681 2859 777 2909 Oblivio
786 2869 823 2909 est
834 2858 858 2908 le
870 2857 1009 2908 nominarii.
1018 2859 1052 2908 Le

610 2933 661 2972 mot
671 2925 788 2990 poetique
797 2926 916 2973 oblivium
925 2938 957 2973 ne
966 2939 992 2972 se
999 2939 1053 2972 ren-

610 2999 696 3038 ccntrc
711 2990 774 3039 dans
788 2990 935 3053 Tamquam
951 2987 1051 3053 plnricl.

645 3056 860 3105 attrectassent.
882 3055 915 3104 lls
935 3053 1053 3102 salirent

611 3121 643 3170 de
667 3130 706 3169 cct
727 3121 791 3178 avis,
827 3117 870 3184 qui
893 3117 996 3168 donnait
1018 3133 1052 3167 au

610 3185 697 3252 prince
715 3202 748 3235 un
764 3185 817 3235 rtlc
834 3183 991 3243 secondaire,
1002 3199 1053 3233 unc

611 3267 679 3302 aime
693 3261 778 3301 contre
790 3248 927 3300 Heluidius.

646 3325 699 3365 10.
720 3325 740 3366 1.
754 3317 881 3366 Musonius
891 3315 984 3379 Rufus.
996 3314 1054 3364 Ves-

610 3381 697 3448 pasien
709 3381 832 3432 l'eslimait
843 3385 857 3431 t
868 3397 902 3430 un
920 3381 954 3430 tel
965 3377 1050 3444 point,

612 3447 685 3512 qu'en
697 3448 811 3503 obessent
822 3445 854 3496 de
864 3441 942 3497 Rome
953 3444 989 3496 les
1000 3442 1054 3523 phi·
