2346 3922
408 212 552 268 cosanum
574 210 675 268 nncirr
695 211 910 268 msroamltntt

181 196 243 268 ale

181 355 409 428 Incesseratque
434 354 516 413 fama
534 354 702 430 primores⁵
735 355 907 414 Galliarum
938 354 979 413 ab
1001 353 1111 414 Othone

179 451 326 508 adversus
349 451 510 512 Vitellium
530 453 654 520 missos,
680 455 845 528 antequam
870 452 1109 528 digrederentur,
1162 480 1164 521 ;

178 551 331 625 pepigisse
345 568 383 610 ne
398 551 538 610 deessent
559 550 712 619 libertati,
737 550 764 608 si
785 551 929 626 populum
947 551 1113 610 Romanum

148 641 150 647 '
179 648 326 707 continua
354 648 493 707 civilium
521 648 671 706 bellorum
700 649 796 709 series
825 651 857 707 et
886 651 1012 708 interna
1040 649 1114 708 mala

179 744 356 820 fregissent.

221 841 271 904 55.
300 844 381 901 Ante
406 842 508 901 Flacci
538 844 706 903 Hordeonii
732 847 844 905 caedem
872 844 952 904 nihil
978 846 1115 923 prorupit

180 958 239 1017 quo
271 939 443 1015 conjuratio
473 941 710 1016 intelligeretur.
749 942 915 1002 Interfecto
944 945 1116 1003 Hordeonio

180 1059 389 1101 commeavere
404 1042 505 1100 nuntii
529 1043 610 1101 inter
632 1040 761 1102 Civilem
783 1041 1029 1117 Classicumque,
1046 1058 1115 1119 prae·

180 1144 293 1204 fectum
307 1144 364 1203 alae
379 1145 592 1204 Treverorum.
608 1142 758 1201 Classicus
774 1124 938 1198 nobilitate
953 1141 1119 1216 opibusque

180 1247 252 1302 ante
272 1243 366 1312 alios;
393 1243 513 1318 regium
532 1243 580 1301 illi
605 1257 701 1316 genus
720 1242 751 1297 et
776 1257 851 1315 paee
876 1238 1020 1314 belloque
1040 1238 1120 1296 clara

181 1342 278 1416 origo.
308 1343 375 1417 Ipse
401 1360 417 1399 e
442 1341 609 1417 majoribus
635 1341 699 1399 suis
723 1340 826 1397 hostes
851 1338 957 1415 populi
987 1337 1120 1397 Romani

181 1442 289 1516 quaml
305 1439 402 1498 socios
419 1439 571 1514 jactabat.
597 1439 749 1498 Miscuere
764 1454 830 1496 sese
852 1435 955 1496 Julius
971 1436 1072 1494 Tutor
1091 1436 1122 1492 et

181 1537 282 1597 Julius
294 1535 436 1605 Sabinus,
451 1536 520 1594 hic²
534 1536 656 1605 Trevir,
666 1536 716 1593 hic
728 1534 886 1608 Lingonus
894 1535 915 1602 ³,
930 1533 1032 1592 Tutor
1046 1531 1122 1607 ripae

181 1635 282 1693 Rheni
315 1634 476 1694 aVitellio
505 1634 702 1711 praefeotus⁴;
735 1633 885 1691 Sabinum
911 1633 1024 1707 super⁵
1050 1630 1122 1688 insi·

180 1735 245 1790 tam
283 1732 451 1790 vanitatem
493 1731 579 1791 falsae
621 1732 728 1808 stirpis
771 1731 870 1805 gloria
911 1730 1121 1789 incendebat:

181 1828 341 1904 proaviam
356 1845 442 1887 suam
456 1829 528 1887 divo
543 1830 562 1889 J
564 1828 627 1887 ulio
648 1845 703 1905 per
718 1827 835 1887 Gallias
849 1826 978 1885 bellanti
994 1844 1124 1902 corpore

181 1929 273 2002 atque
307 1926 458 1986 adulterio
492 1927 654 2003 placuisse.
693 1927 734 1986 Hi
769 1926 895 1984 secretis
911 1938 913 1940 ·
930 1926 1125 1983 sermonibus

181 2027 298 2084 animos
313 2028 483 2084 ceterorum
501 2026 645 2084 scrutari.
664 2025 726 2084 Ubi
742 2041 816 2099 quos
831 2024 957 2082 idoneos
972 2024 1127 2082 rebantur

182 2124 370 2183 conscientia
394 2124 605 2193 obstrinxere,
633 2125 666 2182 in
691 2122 813 2181 colonia
836 2121 1060 2196 Agrippinensi
1093 2124 1126 2180 in

94 2278 97 2284 .
182 2220 303 2279 domum
317 2223 471 2298 privatam
486 2221 688 2292 conveniunt;
706 2239 777 2279 nam
791 2218 912 2297 publice
926 2220 1041 2280 civitas
1055 2220 1127 2278 tali·

181 2321 238 2379 bus
260 2321 392 2396 inceptis
406 2321 601 2381 abhorrebat.
628 2323 792 2380 Attamen
813 2317 982 2377 interfuere
997 2318 1127 2394 quidam

183 2418 333 2476 Ubiorum
347 2419 619 2495 Tungrorumque,
650 2418 702 2476 sed
719 2417 853 2492 plurima
866 2417 916 2476 vis
936 2435 1031 2494 penes
1046 2420 1126 2478 Tre·

182 2533 271 2574 veros
299 2534 335 2575 ao
363 2518 530 2592 Lingonas.
562 2516 628 2576 Nec
655 2515 755 2574 tulere
783 2531 884 2574 moras
913 2515 1123 2577 consultandi.

182 2667 329 2733 l’empereur
346 2667 441 2719 Claude
458 2677 501 2718 eut
517 2667 627 2718 defendu

183 2733 310 2783 l'eneroice
330 2734 361 2784 de
381 2735 435 2783 lenr
455 2733 575 2799 religion,
596 2733 627 2782 ils

183 2798 296 2849 n'eurent
303 2800 360 2864 plus
371 2798 519 2849 d'influcnce
527 2815 575 2875 que
583 2815 627 2864 par

183 2865 250 2914 leurs
258 2865 339 2914 eccles
349 2874 373 2914 et
382 2880 477 2914 comme
490 2865 584 2914 denus.

215 2939 238 2979 4.
258 2930 366 2988 Contere,
380 2929 488 2995 predire.

215 3003 237 3044 5.
257 2996 393 3045 Primores.
415 2995 449 3044 (le
467 3003 523 3044 sont
538 2995 574 3044 les
586 3011 628 3045 no·

182 3059 236 3109 bles
258 3061 289 3110 de
312 3063 335 3110 la
358 3061 450 3119 Gaule,
480 3063 592 3135 pre'sents
614 3065 629 3110 d

183 3127 272 3183 Rome,
292 3126 416 3190 qu'Othon
438 3136 502 3175 avant
525 3130 630 3193 annones

183 3191 245 3240 dans
257 3193 324 3241 leurs
336 3192 411 3249 cites,
426 3207 490 3255 pour
502 3191 556 3239 leur
569 3192 630 3241 faire

183 3256 290 3321 prendre
319 3258 355 3307 les
380 3272 459 3307 armes
485 3267 570 3307 contre
592 3258 630 3307 Vi-

183 3322 276 3372 tellius.

217 3395 271 3437 55.
291 3397 311 3437 1.
325 3389 626 3452 ριιαηι---ροιίιιεᾳιιαηιι

182 3453 210 3505 V.
223 3470 261 3520 gr.
276 3453 308 3504 de
320 3455 376 3504 Tac.
393 3462 442 3504 163.

206 3529 231 3573 2.
251 3521 407 3585 Hie-tic,
424 3537 488 3592 pour
502 3520 632 3574 bic-illc

676 2667 709 2733 (le
721 2667 837 2732 premier,
858 2669 882 2718 le
895 2669 997 2733 second)
1017 2679 1055 2719 est
1076 2685 1127 2718 une

677 2732 798 2783 imitation
821 2734 853 2783 de
870 2734 962 2800 Virgile
981 2735 1014 2800 (v.
1036 2734 1125 2784 Gantr.

678 2807 731 2858 184,
748 2808 786 2857 14,
801 2799 844 2848 fin.

709 2873 731 2915 3.
751 2867 891 2929 Lingonus,
904 2881 927 2914 v.
940 2865 964 2923 1,
975 2871 1013 2924 53,
1027 2872 1125 2922 note8,

676 2933 709 2980 οὺ
729 2940 820 2980 cemot
841 2939 891 2988 est,
910 2946 1006 2980 comme
1021 2939 1126 2996 partout

678 2996 779 3045 ailleurs
790 2997 853 3046 daus
870 2994 967 3054 Tacite,
985 2995 1018 3045 de
1031 2997 1055 3045 la
1068 2996 1127 3046 troi-

680 3061 756 3112 sieme
767 3060 931 3111 declinaison.

711 3134 734 3175 4.
748 3128 896 3191 Praefeetcs,
909 3141 965 3176 sans
974 3125 1051 3176 doute
1063 3143 1128 3193 pour

679 3195 794 3258 protegen
809 3202 894 3242 contre
905 3193 941 3241 les
953 3192 1084 3242 Germains
1103 3194 1127 3242 la

679 3257 758 3322 partie
778 3258 810 3306 de
830 3259 853 3307 la
873 3257 924 3307 rive
944 3257 987 3322 qui
1006 3257 1127 3308 continuit

679 3321 1128 3389 auxTrevires,o'estd-direquittait

679 3389 800 3453 comprise
812 3399 882 3438 entre
902 3389 926 3437 la
944 3388 1014 3438 Nahe
1033 3390 1126 3454 (Nece)

679 3463 703 3502 et
716 3455 739 3502 la
751 3455 861 3503 Mosella.
954 3496 963 3505 .

711 3526 735 3569 5.
753 3519 989 3584 Super=praeter.
