2346 3922
999 213 1060 275 249

374 236 465 279 ursan
485 235 531 277 111.
556 211 623 277 oar.
646 217 780 277 84-86.

120 366 185 425 ictu
205 383 261 443 per
280 367 360 426 iram
368 368 401 437 1⁴,
424 367 475 426 vel
489 384 549 442 quo
567 365 719 424 maturius
738 363 872 423 ludibrio
893 363 1057 434 eximeret,

118 483 160 524 an
173 466 334 525 tribunum
344 467 524 542 appetierit,
542 467 574 524 in
590 466 708 524 incerto
722 463 782 522 fuit
796 487 802 522 :
820 481 925 523 aurem
939 464 1059 522 tribuni

118 566 293 641 amputavit
313 583 349 625 ac
368 567 474 624 statim
488 563 643 624 confossus
658 566 715 623 est.

161 665 212 724 85.
242 645 403 724 Vitellium
432 663 552 722 infestis
580 662 774 721 mucronibus
802 662 940 719 coactum
963 660 1054 719 modo

118 761 240 835 erigere
262 779 295 820 os
309 764 341 821 et
355 761 464 820 offerre
486 759 693 829 contumeliis,
718 759 817 817 nuncl
838 759 981 817 cadentes
997 761 1056 818 sta-

116 859 189 916 tuas
204 874 290 928 suas,
310 859 506 934 plerumquc²
522 858 641 917 rostra³
656 858 710 916 aut
725 855 831 915 Galbae
845 856 938 914 occisi
956 855 1056 913 locum

115 956 274 1026 contueri,
298 959 450 1031 postremo
472 957 511 1014 ad
526 954 719 1024 Gemonias⁴,
743 954 796 1011 ubi
818 970 929 1030 corpus
954 953 1056 1012 Flavii

117 1053 228 1111 Sabini
249 1052 404 1128 jacuerat,
435 1053 609 1130 propulere.
633 1053 703 1112 Una
724 1070 786 1110 vox
810 1069 870 1110 non
896 1051 1057 1126 degeneris

116 1151 215 1208 animi
233 1154 375 1228 excepta,
393 1170 461 1211 cum
475 1153 599 1210 tribuno
618 1151 781 1210 insultanti
797 1168 829 1209 se
843 1153 946 1209 tamen
962 1151 1055 1225 impe-

116 1253 272 1308 ratorem⁵
304 1250 370 1327 ejus
397 1250 492 1310 fuisse
521 1251 694 1326 respondit;
726 1267 762 1308 ac
790 1249 898 1308 deinde
927 1248 1056 1324 ingestis

116 1348 298 1408 vulneribus
312 1350 456 1411 concidit.
479 1352 519 1409 Et
533 1350 644 1426 vulgus
659 1350 764 1408 eadem
785 1349 940 1424 pravitate
959 1348 1054 1407 insec-

114 1447 243 1505 tabatur
263 1449 457 1508 interfectum
479 1467 538 1524 qua
558 1449 679 1507 foverat
692 1449 859 1507 viventem.

161 1549 210 1608 86.
234 1550 344 1608 Patria
365 1551 411 1609 illi
432 1550 598 1620 Luceria¹;
624 1551 786 1626 septimum
811 1553 842 1608 et
867 1550 1054 1626 quinquage-

116 1647 229 1705 simum
260 1650 361 1706 aetatis
385 1666 500 1707 annum
524 1649 687 1724 explebat.¹
713 1650 925 1720 Consulatum,
954 1668 1053 1710 sacer-

117 1745 218 1814 dotia,
257 1763 366 1804 nomen
394 1746 553 1822 locumque
588 1748 670 1804 inter
697 1747 847 1823 primores
878 1747 963 1805 nulla
998 1764 1054 1807 sua

115 1844 283 1914 industria,
302 1845 353 1904 sed
368 1848 478 1903 cuncta
492 1847 591 1920 patris
606 1845 789 1904 claritudine
803 1847 942 1922 adeptus.
961 1847 1052 1904 Prin-

115 1943 251 2018 cipatnm
276 1945 304 2001 ei
330 1943 465 2002 detulere
488 1944 539 2019 qui
562 1945 661 2018 ipsum
676 1961 736 2002 non
758 1946 919 2002 noverant.
943 1944 1054 2002 Studia

116 2043 270 2099 exercitus
284 2059 355 2099 raro
371 2043 512 2117 cuiquam
526 2043 614 2099 bonis
629 2042 748 2100 artibus
764 2043 893 2117 quaesita
907 2043 1054 2117 perinde²

117 2138 231 2196 affuere
246 2156 336 2214 quam
351 2140 421 2197 huic
436 2156 491 2214 per
504 2139 672 2214 ignaviam.
700 2141 804 2197 Inerat
819 2142 922 2197 tamen
938 2139 1052 2214 simpli·

117 2237 195 2294 citas
214 2254 250 2294 ac
267 2237 454 2306 liberalitas,
479 2255 560 2312 quae,
585 2238 617 2294 ni
637 2237 718 2295 adsit
733 2238 853 2307 modus,
875 2238 907 2294 in
922 2237 1053 2295 exitium

116 2337 290 2393 vertuntur.
307 2333 469 2393 Amicitias
484 2336 555 2393 dnm
576 2336 788 2411 magnitudine
802 2352 972 2405 munerum,
991 2353 1052 2394 non

115 2433 289 2492 constantia
317 2450 435 2491 morum
462 2435 632 2493 contineri³
664 2437 768 2510 putat,
796 2434 929 2493 meruit⁴
953 2435 1052 2510 magis

149 2597 184 2638 14.
203 2589 344 2646 Perirom,
358 2599 467 2638 constan:
482 2590 509 2637 in
521 2591 559 2638 ic·
609 2588 673 2638 suite
693 2588 724 2653 (v.
743 2588 782 2639 ch.
803 2596 831 2637 70
848 2609 853 2637 :
873 2605 919 2639 cur
935 2605 947 2637 e
962 2591 1052 2638 rostris

114 2662 180 2704 certo
198 2655 249 2718 suit
266 2661 354 2703 utrum
369 2655 494 2705 Vitellium
515 2671 559 2716 op·

111 2722 214 2784 petierit
223 2735 271 2782 par
282 2722 349 2768 iram
360 2722 399 2768 cel
410 2735 457 2783 quo
468 2747 501 2755 —
510 2723 558 2768 caci-

113 2793 205 2843 mcrct,
220 2786 396 2834 castridunum
409 2788 557 2848 appetierit,-

114 2852 138 2899 la
149 2850 303 2915 proposition
313 2850 355 2915 qui
364 2867 505 2900 commence
515 2866 559 2915 par

114 2919 153 2966 vat
164 2933 211 2979 quo
226 2926 263 2965 est
275 2916 449 2966 subordonnec
461 2932 491 2964 au
505 2932 558 2980 pre-

113 2982 176 3030 mier
187 2985 320 3044 oppetierit
331 2991 356 3031 et
371 2981 492 3031 substitue
509 2999 558 3030 une

113 3048 221 3096 seconde
235 3047 386 3114 explication
398 3050 411 3095 d
422 3051 555 3110 perirem.

148 3152 201 3192 οὔ.
221 3154 242 3193 1.
264 3145 378 3194 Modo-
389 3160 467 3203 auco,
494 3161 558 3210 pour

113 3213 184 3259 modo
194 3238 227 3246 -
235 3213 315 3259 modo.

147 3299 168 3340 2.
187 3292 350 3356 Plerumque,
367 3301 477 3342 souvcnt.

146 3383 168 3424 3.
187 3375 437 3433 Rostro-intueri,
457 3378 556 3425 deense

113 3440 146 3488 du
167 3439 278 3490 discours
302 3439 362 3505 qu'il
385 3457 400 3506 y
417 3439 481 3489 avait
502 3458 556 3506 pro·

113 3509 192 3556 nance
201 3510 233 3580 (v.
248 3506 287 3557 ch.
305 3510 351 3572 68),
365 3522 422 3554 sans
433 3523 448 3583 y
460 3507 556 3556 donner

607 2656 766 2719 -peta'saet).

640 2728 663 2768 4.
683 2720 821 2770 Gemonias.
834 2721 862 2770 V.
874 2719 913 2770 ch.
927 2726 994 2778 74‚7.

641 2793 662 2834 5.
682 2787 870 2848 imperatorem,
884 2785 993 2851 general.

642 2858 695 2899 so.
716 2861 735 2901 l.
749 2854 870 2911 Luceria,
889 2851 946 2900 ville
960 2846 1051 2916 d'Apu-

607 2915 654 2973 lie,
668 2915 718 2979 auj.
733 2919 834 2966 Lucera.

640 2989 662 3029 2.
681 2983 790 3032 Perinde
797 3000 872 3048 quom
883 2999 947 3048 pour
958 2982 981 3031 le
989 2982 1050 3032 clas-

607 3046 679 3111 sique
691 3050 797 3110 pcra'uda
813 3065 851 3097 oc.

640 3120 660 3162 3.
680 3113 809 3164 Amicitias
821 3116 981 3163 dam—uon
995 3130 1050 3165 cou-

605 3181 700 3227 stantia
711 3195 810 3229 morum
827 3183 948 3229 contineri
957 3188 1047 3242 putot,

606 3252 711 3356 pensant
735 3260 783 3309 que
813 3246 849 3294 les
875 3244 970 3294 ambies
993 3256 1050 3294 sont

617 3309 709 3358 ondees
725 3327 775 3360 non
792 3326 834 3359 sur
850 3312 874 3360 la
892 3311 993 3361 immet&
1016 3311 1048 3360 de

605 3379 736 3424 caractere.

638 3447 661 3488 4.
680 3442 783 3501 Mersit,
805 3441 823 3492 il
844 3457 870 3492 se
889 3456 995 3510 procura
1014 3463 1047 3487 =

605 3504 699 3558 achera.
