2346 3922
169 236 230 296 284
398 250 542 295 connnnu
563 248 663 291 metm
684 244 898 291 u1srosuueuu

168 387 287 462 praedas
305 406 321 445 e
336 387 502 447 Germania
515 386 671 463 peterent,
688 385 787 460 primo
802 382 941 459 impune,
960 381 1035 440 dein
1052 380 1111 439 cir-

169 486 324 543 cumventi
346 486 432 555 sunt,
459 501 515 560 per
530 500 618 540 omne
633 483 664 540 id
683 480 796 540 bellum
820 482 948 541 meliore
974 481 1026 539 usi
1052 480 1114 538 fide

169 600 259 658 quam
287 581 421 642 fortuna.
460 581 603 641 Contusis
632 581 722 639 Ubiis
750 581 878 656 grauior
905 582 937 638 et
967 596 1112 638 successu

168 698 270 738 rerum
295 681 427 738 ferocior
444 679 554 738 Civilis
575 677 725 736 obsidium
745 678 932 754 legionum¹³
959 680 1109 754 urgebat,

169 780 297 838 intentis
312 778 460 838 custodiis
469 779 491 814 ¹⁴
512 795 549 834 ne
569 777 637 852 quis
658 776 795 836 occultus
810 778 938 836 nuntius
953 778 1112 836 venientis

169 878 278 934 auxilii
298 878 484 952 penetraret.
513 875 671 933 Machinas
686 874 855 951 molemque
871 893 998 952 operum
1007 878 1032 912 ¹⁵
1052 877 1111 934 Ba

170 973 251 1031 tavis
276 973 412 1048 delegat3
440 975 691 1031 Transrhenanos
716 975 859 1048 proelium
885 976 1047 1051 poscentes
1071 975 1109 1033 ad

169 1072 367 1130 scindendum
376 1073 399 1108 ¹⁶
414 1072 529 1130 vallum
544 1073 590 1130 ire
602 1072 800 1148 detrusosque
814 1074 1030 1148 redintegrare
1045 1091 1108 1132 cer-

168 1173 271 1228 tamen
281 1170 385 1245 jubet,
403 1174 567 1245 superante
582 1172 780 1230 multitudiue
795 1175 827 1231 et
845 1171 963 1230 facili1⁷
984 1173 1106 1232 damno.

209 1269 259 1328 29.
282 1269 348 1327 Nec
361 1268 453 1325 finem
467 1269 565 1328 labori
587 1288 648 1328 nox
668 1270 785 1330 attulit.
810 1270 971 1346 Congestis
991 1271 1109 1345 circum

166 1367 260 1442 lignis
279 1369 490 1443 accensisque,
514 1369 607 1427 simul
627 1369 815 1445 epulantes¹‚
840 1373 874 1428 ut
890 1371 1020 1446 quisquo
1034 1373 1108 1429 vino

167 1468 354 1538 incaluerat,
382 1469 421 1526 ad
445 1484 580 1544 pugnam
605 1468 780 1527 temeritate
802 1468 887 1526 inani
914 1468 1104 1529 ferebantur.

168 1567 286 1641 Quippe
301 1568 436 1642 ipsorum
451 1566 514 1624 tela
528 1583 584 1642 per
597 1567 740 1624 tenebras
752 1569 868 1636 vana23
885 1567 1027 1628 Romani.
1036 1584 1106 1624 con·

167 1664 302 1738 spicuam
328 1664 528 1722 barbarorum
553 1664 664 1732 aciem,
689 1665 738 1721 et³
759 1664 785 1721 si
808 1664 877 1738 quis
898 1663 1029 1722 audacia
1052 1664 1107 1721 aut

167 1761 358 1835 insignibus⁴
378 1760 555 1835 effulgens⁵,
579 1760 617 1818 ad
640 1760 735 1816 ictum
754 1759 981 1820 destinabant⁶.
1014 1760 1106 1818 Intel-

167 1857 279 1916 lectum
316 1859 346 1916 id
382 1859 476 1917 Civili
505 1860 536 1916 et
565 1858 713 1916 restincto
742 1858 814 1932 igne
842 1858 965 1917 misceri
995 1860 1107 1916 cuncta

167 1958 303 2015 tenebris
318 1959 350 2015 et
365 1958 478 2015 armis⁷
488 1956 588 2032 jubet.
612 1957 689 2014 Tum
704 1973 777 2013 vero
799 1957 947 2031 strepitus
969 1955 1104 2025 dissoni,

167 2055 307 2114 incursus
322 2056 450 2125 incerti,
475 2073 572 2130 neque
587 2053 718 2111 feriendi
733 2071 832 2128 neque
847 2052 1022 2112 declinandi
1037 2071 1106 2128 pro·

166 2155 333 2216 videntia⁸.
354 2156 441 2215 Unde
462 2156 577 2213 clamor
601 2155 770 2222 acciderat,
788 2153 1017 2227 circumagere⁹
1040 2170 1105 2210 oon-

168 2295 275 2360 emploie
304 2299 435 2358 quominus
464 2295 539 2345 d'une
562 2311 611 2344 ma-

661 2296 827 2360 oompldment
838 2298 916 2344 aciem
934 2297 1104 2357 conspicuam.

168 2359 236 2410 nidre
266 2361 425 2425 particulidre
455 2365 527 2425 apres
561 2377 610 2411 une

661 2360 725 2410 C'est
737 2377 832 2410 comme
844 2359 882 2409 s'il
893 2377 908 2425 y
920 2359 983 2409 avait
994 2362 1073 2408 aciem
1083 2368 1107 2410 et

166 2426 322 2491 proposition
337 2427 379 2490 qui
397 2442 411 2474 a
429 2425 484 2489 de'jt
502 2442 536 2475 un
552 2442 609 2476 sens

167 2492 275 2556 complet
287 2508 331 2556 par
342 2493 494 2549 ello-mem&
505 2508 537 2541 on
550 2501 610 2556 peut

168 2557 233 2606 alors
243 2558 369 2623 employer
377 2573 408 2606 en
421 2556 526 2614 franceis
535 2560 608 2615 moia,

168 2637 199 2670 ou
212 2630 242 2671 ct.
253 2623 281 2671 V.
290 2639 327 2687 gr.
338 2622 369 2672 de
379 2623 435 2671 Tac.
447 2629 458 2680 ἕ
469 2630 510 2671 126
520 2632 544 2672 ot
558 2630 607 2683 128,

168 2697 192 2736 et
204 2687 236 2736 of.
250 2687 332 2753 Agr-ic.
346 2688 385 2737 ch.
400 2695 436 2745 20,
451 2698 508 2737 note
520 2696 542 2737 3.

203 2761 237 2803 13.
255 2755 402 2818 Lepionam,
421 2753 483 2803 dans
502 2754 525 2803 le
538 2769 609 2819 camp

168 2817 200 2866 de
211 2819 307 2869 Ve'tera.

203 2892 238 2932 14.
257 2885 360 2934 intentis
370 2886 500 2942 custodiis,
512 2899 542 2932 en
556 2899 610 2931 ren·

168 2947 264 3006 torpent
275 2950 311 2999 les
323 2959 415 3015 postes.

202 3022 237 3064 15.
257 3017 343 3064 Molem
362 3031 481 3078 operum,
503 3012 540 3062 los
562 3022 609 3061 tra-

167 3095 231 3128 vaux
254 3080 367 3130 difficiles
390 3080 424 3129 du
448 3080 524 3143 siege.

202 3153 237 3194 16.
257 3147 388 3210 Scindcrc,
407 3145 521 3202 domuin,
547 3143 608 3194 faire

168 3209 267 3260 breche.

203 3284 236 3324 17.
256 3278 344 3333 Facili,
356 3275 428 3325 facile
440 3278 454 3324 d
466 3284 606 3340 supporter.

203 3350 256 3390 w.
276 3351 296 3391 1.
316 3343 397 3392 Simul
407 3343 545 3404 epulantes,
555 3349 609 3389 tout

168 3422 199 3455 en
211 3417 317 3472 prenant
330 3408 383 3456 leur
396 3422 475 3471 repas.

197 3479 220 3523 2.
245 3473 326 3527 Vana.
341 3471 476 3522 sanseffet.

660 2442 698 2474 eoa
710 2429 761 2488 qui.
775 2425 836 2475 Mais
848 2426 871 2474 la
881 2424 1034 2508 proposition
1046 2441 1106 2475 auec

659 2494 682 2541 si
693 2490 803 2557 exprime
816 2492 839 2540 le
849 2490 894 2539 fait
905 2491 981 2540 dune
996 2490 1105 2541 muniere

660 2555 740 2606 moins
752 2556 865 2621 positive.

692 2630 715 2670 4.
734 2622 888 2686 Insipnibus,
905 2629 1047 2670 ornemonts
1060 2620 1105 2670 des

660 2702 749 2745 armes,
770 2696 867 2737 surtout
889 2687 923 2735 du
947 2685 1061 2736 bouclier
1080 2695 1105 2736 et

660 2752 695 2801 du
713 2767 753 2801 cas
773 2769 813 2802 ue.

693 2825 715 2868 5,.
734 2767 862 2882 Rhipeus
875 2833 909 2866 sc.
925 2822 989 2866 erat.
1008 2814 1046 2866 Cf.
1061 2815 1102 2865 ch.

660 2890 697 2940 23,
711 2891 770 2932 note
783 2892 804 2932 1.

692 2954 714 2996 6.
733 2948 857 2997 Adiciunt
869 2947 1039 3006 destinabant,
1049 2964 1105 3013 pre·

660 3012 744 3061 naiont
759 3028 823 3077 pour
834 3013 879 3061 but
890 3012 922 3061 de
936 3013 1002 3062 leurs
1014 3029 1102 3079 coups.

692 3086 714 3126 7.
734 3079 975 3135 Miscere—armis,
1001 3078 1105 3129 conion-

659 3143 703 3192 dre
716 3152 770 3192 tout
786 3144 847 3192 dans
863 3143 899 3192 les
914 3143 1030 3194 tenebras
1042 3155 1068 3194 ot
1080 3146 1104 3195 le

658 3208 727 3258 hruit
739 3209 783 3258 des
795 3225 883 3259 armes.

692 3282 714 3323 8.
734 3275 905 3324 Prouidentia.
928 3275 965 3324 On
989 3289 1020 3324 ne
1043 3291 1105 3340 pou·

659 3340 707 3389 vait
736 3339 761 3389 ni
789 3339 882 3406 dirigor
911 3338 937 3388 ni
963 3338 1040 3389 e'viter
1067 3343 1104 3392 les

658 3422 744 3470 coups.

691 3479 712 3520 9.
733 3472 916 3533 Circumcpere,
930 3485 962 3520 on
974 3485 1001 3518 se
1013 3480 1105 3525 tournc

190 3548 214 3593 3.
235 3541 269 3593 Et
285 3539 321 3593 lie
339 3556 391 3593 une
410 3536 614 3611 propositiones
662 3535 760 3587 ductae
774 3535 877 3585 d'ouun
895 3533 930 3586 cri
943 3533 1102 3591 e'taitarn'ue.
