2346 3922
134 256 175 317 48
358 271 503 314 CORNELII
523 270 625 314 'rhem
645 269 858 312 HISTORIARUM

134 400 256 460 rionum
280 399 400 458 animos
424 402 596 470 averteret,
624 399 761 458 fiscum¹⁴
784 416 872 458 suum
896 396 1075 456 vacationes

134 516 254 559 annuas
273 499 484 558 exsoluturum
502 499 660 574 promisit,
683 517 747 557 rem
756 499 779 536 ¹⁵
800 498 880 557 haud
903 497 993 555 dubie
1015 496 1075 554 uti-

135 600 195 658 lem
221 602 252 658 et
272 616 291 656 a
310 599 399 656 bonis
418 601 525 674 postea
544 599 735 674 principibus
757 597 965 674 perpetuitate
986 595 1076 654 disci·

135 698 406 776 plinaedrmatam.
435 692 516 756 Laco
531 698 700 774 profectus,
717 700 872 773 tamquam
895 697 927 754 in
943 694 1079 752 insulam

136 800 346 873 seponeretur‚
373 796 412 854 ab
438 799 579 865 evocato,
602 796 750 871 quemad
772 796 883 854 caedem
908 793 974 870 ejus
996 794 1077 852 Otho

136 896 342 972 praemiserat,
365 895 536 965 confossum
558 895 590 952 in
611 894 803 953 Marcianum
825 893 939 952 Icelum
948 893 971 928 ¹⁶
990 894 1025 949 ut
1044 891 1077 948 iu

135 994 282 1053 libertum
303 993 406 1069 palam
427 994 675 1052 animadversum
683 993 716 1052 ¹⁷.

179 1104 229 1164 47.
255 1104 372 1161 Exacto
400 1120 456 1177 per
484 1103 599 1161 scelera
625 1102 690 1170 die,
715 1099 914 1158 novissimum
928 1099 1079 1157 malorum

137 1198 197 1256 fuit
211 1197 333 1256 laetitia.
364 1198 463 1256 Vocat
478 1199 628 1272 senatum
637 1200 768 1273 praetor¹
784 1198 934 1267 urbanus,
958 1200 1080 1256 certant

136 1295 367 1355 adulationibus
388 1295 482 1353 ceteri
504 1296 719 1371 magistratus,
747 1297 931 1355 accurrunt²
951 1298 1076 1371 patres:

46 1402 48 1405 ’
138 1393 314 1453 decernitur
325 1393 439 1451 Othoni
454 1392 622 1451 tribunicia
632 1397 768 1469 potestas
780 1397 811 1452 et
825 1411 934 1452 nomen
946 1394 1080 1468 Augusti

138 1494 170 1550 et
198 1508 302 1549 omnes
327 1490 504 1566 principum
538 1492 688 1563 honores,¹
718 1493 931 1551 annitentibus
960 1470 1080 1550 cunctis
1148 1513 1151 1516 ·

139 1588 280 1648 abolere³
309 1588 450 1646 convicia
478 1605 515 1646 ac
543 1589 671 1663 probra,
703 1609 770 1666 quae
798 1591 969 1666 promiscue
993 1590 1080 1666 jacta

140 1687 265 1746 haesisse
280 1686 384 1755 animo
400 1686 465 1762 ejus
480 1703 567 1744 nemo
579 1689 691 1746 sensit:
710 1689 864 1746 omisisset
878 1688 1008 1746 offensas
1022 1689 1080 1745 an⁴
1112 1717 1117 1726 ·

73 1810 75 1813 ·
139 1784 327 1853 distulisset,
357 1784 511 1842 brevitate
541 1785 663 1859 imperii
691 1786 724 1844 in
754 1786 870 1844 incerto
899 1785 968 1846 fuit.
1002 1787 1081 1843 Otho

140 1885 268 1941 cruento
288 1883 387 1941 adhuc
405 1881 471 1940 foro
492 1900 547 1957 per
568 1886 701 1959 stragem
717 1883 888 1959 jacentium
907 1884 939 1941 in
959 1883 1080 1959 Oapito-

139 1981 216 2039 lium
241 1983 334 2056 atque
348 1979 419 2038 inde
440 1980 472 2036 in
487 1980 645 2039 Palatium
665 1985 771 2041 vectus
791 1983 916 2041 concedi
934 1983 1082 2057 corpora⁶

142 2079 307 2155 sepulturae
322 2078 513 2153 cremarique
528 2080 679 2154 permisit.
697 2082 841 2141 Pisonem
855 2080 992 2149 Verania
1005 2098 1085 2139 uxor

141 2195 178 2236 ac
202 2177 300 2236 frater
325 2176 557 2247 Scribonianus,
584 2179 688 2238 Titum
703 2181 830 2239 Vinium
855 2179 998 2255 Crispina
1018 2178 1084 2237 filia

178 2340 213 2382 14.
228 2333 318 2382 Tresor
326 2328 471 2397 particulier
479 2329 510 2379 de
522 2329 588 2379 l'em-

144 2413 243 2464 pereur.

178 2471 213 2512 15.
232 2463 293 2513 Rem
301 2488 334 2498 -
347 2460 489 2525 firmatam,
504 2476 535 2509 en
548 2475 589 2524 ap-

145 2527 252 2594 position
269 2531 283 2576 a
301 2528 325 2575 la
336 2525 589 2655 phrase5prtcedeute

74 2608 77 2614 ·
145 2595 176 2658 (v.
196 2609 232 2658 gr.
252 2592 284 2641 de
301 2593 370 2651 Tac,
391 2597 426 2649 §1
461 2611 466 2639 :
492 2606 589 2639 mesure

145 2659 262 2709 salutaire
290 2666 315 2706 et
342 2658 473 2706 consacre'e
501 2656 589 2720 depuis

145 2740 240 2774 comme
256 2724 323 2788 regle
336 2730 498 2798 permanente
519 2721 550 2770 de
566 2722 590 2770 la

145 2789 277 2854 discipline
290 2786 413 2837 militaire.
429 2791 431 2795 ’

180 2861 214 2904 16.
236 2856 272 2906 On
285 2853 331 2903 snit
343 2868 391 2918 quc
409 2853 444 2900 les
459 2850 591 2900 affranchis

146 2936 172 2969 se
182 2918 332 2969 nommaient
343 2919 427 2983 liberti
436 2932 481 2981 par
489 2925 591 2981 rapport

146 2989 160 3034 a
172 2986 238 3034 leurs
251 2983 351 3034 anciens
362 2986 474 3042 maures,
493 2981 536 3047 qui
548 2982 590 3048 ‹je-

147 3050 260 3100 venaient
276 3050 342 3098 leurs
352 3050 468 3112 petroni,
484 3057 509 3096 et
520 3048 592 3096 liber·

147 3119 195 3166 timi
201 3132 246 3180 par
254 3123 354 3179 rapport
366 3117 380 3163 a
392 3115 446 3162 leur
454 3112 590 3162 condition.

148 3182 237 3240 lcelus,
244 3182 347 3230 libertus
354 3179 385 3228 de
395 3178 482 3235 Galba,
493 3177 590 3235 restam,

148 3250 219 3310 apres
242 3249 266 3296 la
287 3253 350 3294 mort
372 3245 403 3294 de
426 3259 470 3292 sou
494 3252 590 3307 patron,

148 3312 210 3361 dans
222 3313 332 3364 tamone
344 3308 470 3359 condition
483 3307 593 3357 relative-

149 3386 217 3426 ment
245 3381 259 3426 a
278 3376 369 3435 othon,
391 3390 432 3423 car
451 3375 486 3422 les
511 3375 594 3423 liberti

151 3443 256 3493 Cceruris
266 3440 390 3504 (depasti)
400 3438 524 3503 passaient
535 3454 593 3488 avec

150 3510 174 3557 le
183 3512 253 3557 trbne
265 3507 327 3556 dans
339 3507 363 3556 la
374 3504 488 3554 nouvelle
499 3504 593 3555 maison

150 3572 286 3639 imperiale.

672 2339 707 2382 17.
737 2333 774 2382 On
803 2332 924 2380 l'executa
952 2328 1084 2394 puhlique-

637 2407 713 2446 ment.
738 2397 838 2446 Comme
861 2395 948 2444 ancien
973 2395 1081 2456 esclave,

638 2462 656 2510 il
668 2460 734 2511 subit
743 2478 799 2511 sans
808 2462 883 2511 doute
895 2461 919 2509 le
926 2459 1039 2524 supplice
1051 2459 1083 2508 de

638 2529 662 2576 la
673 2527 755 2585 croix,
768 2543 862 2576 comme
874 2525 1010 2582 Asiaticus,
1023 2525 1084 2574 dont

638 2593 656 2642 il
669 2602 706 2642 est
718 2592 831 2658 question
845 2608 876 2641 au
894 2592 911 2641 l.
925 2591 965 2650 IV,
977 2590 1016 2640 ch.
1029 2598 1064 2639 11.

673 2689 725 2731 Η.
737 2691 757 2731 1.
766 2684 813 2731 Les
822 2681 888 2730 deux
897 2681 997 2730 consuls
1005 2679 1084 2730 Galba

640 2757 664 2797 et
682 2746 768 2797 Vinius
789 2757 878 2795 venant
898 2745 975 2795 d'etre
995 2760 1085 2793 massa-

640 2815 707 2870 crds,
727 2811 786 2862 c'est
798 2813 821 2862 le
833 2814 934 2876 preteur
946 2811 977 2860 de
990 2810 1014 2859 la
1027 2810 1084 2859 ville

641 2878 684 2944 qui
696 2893 824 2943 convoque
837 2878 861 2926 le
873 2879 951 2931 sc'nat.

674 2952 695 2993 2.
708 2944 980 2993 Vocat-accurrunt.
994 2941 1032 2991 (11.
1044 2939 1085 2990 l'a-

641 3008 762 3075 syndeton
774 3025 805 3058 au
818 3007 857 3058 ch.
871 3016 909 3066 41,
923 3017 981 3056 note
994 3014 1016 3056 2.

674 3099 696 3141 3.
715 3090 889 3140 haesitantibus
905 3090 1015 3146 abolere,
1029 3098 1085 3137 tous

642 3155 780 3213 s'eilorcant
792 3154 907 3204 d'effaccr
919 3155 959 3215 (de
969 3154 1031 3202 faire
1043 3170 1086 3202 ouL

642 3221 714 3286 blier)
734 3223 801 3271 leurs
818 3220 951 3285 reproches
971 3229 996 3268 et
1018 3220 1086 3268 leurs

642 3287 755 3337 insultes.

675 3362 698 3402 4.
711 3353 921 3408 omisisset-an,
932 3349 969 3399 s'il
977 3348 1041 3398 avait
1051 3364 1086 3398 rc

642 3422 721 3468 noncc'
729 3421 743 3467 a
752 3434 790 3466 ses
800 3416 984 3466 ressentiments
991 3431 1023 3464 ou
1033 3413 1084 3464 si...

675 3507 697 3549 5.
709 3499 822 3561 Corpora
830 3497 861 3546 de
869 3496 995 3555 Galha‚de
1001 3495 1084 3556 pison,

643 3565 674 3614 de
686 3564 781 3615 Vinius.
1006 3587 1008 3589 ·
1049 3598 1052 3603 .
