2346 3922
193 241 254 299 244
420 255 563 297 coenam
584 254 685 297 sacrm
706 253 920 296 nrsroamaum

191 386 262 443 via⁹
278 387 384 444 urbem
398 386 557 455 introiret,
576 386 652 445 satis
666 387 892 455 maturaverat,
910 385 1009 444 donec
1020 386 1137 444 obsessi

191 485 336 560 Capitolii
359 485 441 542 fama
459 488 585 544 cunctos
601 485 692 543 simul
711 485 839 542 exciret.

233 586 284 644 79.
308 585 462 643 Antonius
482 602 536 661 per
551 584 737 644 Flaminiam
751 585 789 642 ad
805 585 888 643 Saxa
901 568 1015 643 rubra¹
1036 587 1133 646 multo

186 681 252 757 jam
278 683 395 739 noctis²
417 700 518 740 serum
538 681 690 740 auxilium
714 682 812 739 venit.
841 681 910 739 Illic
935 682 1136 742 interfectum

192 781 354 849 Sabinum,
384 781 587 854 conflagrasse
616 780 816 855 Capitolium,
847 783 981 838 tremere
1008 783 1132 851 urbem,

191 882 298 936 maesta
312 880 415 936 omnia
436 880 569 954 accepit;
594 877 713 954 plebem
735 895 853 953 quoque
874 882 905 936 et
926 879 1061 938 servitia
1080 897 1135 955 pro

191 975 319 1033 Vitellio
330 976 445 1032 armari
458 975 670 1033 nuntiabatur.
684 977 724 1033 Et
736 974 850 1033 Petilio
863 975 978 1034 Ceriali
993 980 1136 1051 equestre

191 1071 333 1145 proelium
354 1072 516 1129 adversum
538 1072 654 1140 fuerat3
680 1089 810 1146 namque
833 1072 992 1130 incautum
1005 1076 1040 1130 et
1058 1076 1135 1131 tam-

191 1187 282 1244 quam
297 1171 335 1227 ad
356 1171 454 1228 victos
475 1172 615 1227 ruentem
630 1170 810 1239 Vitelliani,
833 1169 1014 1245 interjectus
1037 1173 1137 1246 equiti

191 1269 296 1342 pedes,
328 1286 486 1343 excepere.
511 1271 689 1343 Pugnatum
714 1269 796 1327 haud
820 1269 927 1344 procul
948 1269 1026 1327 urbe
1053 1271 1138 1329 inter

191 1365 320 1422 aedificia
342 1367 505 1439 hortosque
527 1368 559 1422 et
580 1365 737 1423 anfractus
757 1366 894 1434 viarum,
922 1382 990 1440 quae
1015 1369 1136 1440 gnara³

189 1464 381 1532 Vitellianis,
419 1465 609 1538 incomperta
655 1463 794 1522 hostibus
830 1464 944 1520 metum
981 1463 1134 1524 fecerant.

190 1561 298 1635 Neque
313 1562 412 1619 omnis
427 1579 518 1636 eques
540 1579 682 1631 concors,
706 1561 859 1637 adjunctis
880 1562 1065 1636 quibusdam
1081 1565 1135 1638 qui

191 1677 289 1734 nuper
304 1660 384 1735 apud
405 1660 555 1719 Narniam
571 1660 666 1717 dediti
685 1659 840 1717 fortunam
864 1661 1001 1734 partium
1028 1678 1136 1736 specu·

189 1758 344 1817 labantur.
377 1759 506 1833 Capitur
538 1757 699 1833 praefectus
730 1758 787 1815 alae
811 1757 914 1817 Julius
942 1757 1132 1828 Flavianus;

189 1858 284 1914 ceteri
309 1856 389 1913 foeda
410 1856 482 1930 fuga
502 1856 767 1924 consternantur⁴‚
790 1872 850 1912 non
872 1854 956 1913 ultra
977 1856 1136 1916 Fidenas⁵

190 1956 322 2012 secutis⁶
343 1955 525 2012 victoribus.

231 2057 281 2115 80.
305 2057 349 2114 Eo
370 2073 509 2115 successu
532 2055 633 2113 studia
657 2055 761 2132 populi
783 2058 886 2126 aucta;
904 2055 1017 2130 vulgus
1039 2057 1130 2114 urba-

190 2171 263 2210 num
277 2172 363 2212 arma
377 2156 469 2230 oepit.
494 2155 607 2213 Paucis
622 2157 709 2212 scuta
730 2154 895 2223 militaria,
908 2153 1017 2229 plures
1033 2157 1134 2230 raptis

190 2253 286 2326 quod¹
309 2255 419 2328 cuique
434 2254 558 2311 obvium
579 2252 650 2311 telis
672 2253 795 2326 signum
816 2270 927 2328 pugnae
947 2257 1132 2327 exposcunt.

190 2352 265 2426 Agit
280 2356 383 2427 grates
394 2353 539 2412 Vitellius
554 2354 585 2410 et
600 2353 638 2410 ad
653 2353 798 2410 tuendam
810 2353 916 2410 urbem
931 2369 1134 2429 prorumpere

186 2448 285 2524 jubet.
313 2451 387 2509 Mox
405 2454 514 2508 vocato
537 2454 645 2509 senatu
668 2451 847 2524 deliguntur
866 2451 962 2525 legati
984 2452 1024 2509 ad
1046 2470 1132 2512 exer·

190 2547 299 2617 citus2,
317 2551 351 2605 ut
365 2549 534 2623 praetexto³
549 2549 595 2605 rei
611 2547 740 2623 publicae
755 2547 948 2606 concordiam
966 2566 1133 2625 pacemque

191 2647 364 2707 suaderent.
403 2640 499 2706 Varia
526 2646 697 2721 legatorum
725 2664 791 2704 sors
819 2646 890 2705 fuit.
929 2646 989 2711 Qui
1015 2647 1133 2706 Petilio

223 2807 245 2848 9.
259 2801 363 2850 Solaria
374 2802 429 2858 uia,
443 2800 591 2849 conduisant
603 2800 635 2848 dc

190 2867 214 2915 la
226 2865 318 2915 Sabine
334 2867 384 2914 ala
401 2875 471 2930 porte
483 2866 589 2924 Collina,
603 2882 634 2915 au

191 2933 253 2982 nord
266 2933 297 2980 de
309 2933 394 2980 Rome.

221 3005 273 3045 w.
283 3006 303 3045 l.
313 2998 381 3047 Socra
388 2998 478 3054 rubro,
487 2996 523 3045 les
530 2996 635 3045 Pierres-

190 3064 301 3127 Rouges‚
323 3080 365 3110 sur
383 3064 406 3111 la
427 3062 478 3110 rive
494 3061 573 3112 droite
600 3062 634 3110 du

685 2817 727 2849 sur
744 2801 768 2849 la
785 2799 835 2849 rire
852 2799 947 2865 gauche
963 2801 997 2848 du
1010 2800 1100 2862 Tibris,
1117 2805 1132 2852 a

685 2882 734 2915 unc
747 2866 812 2915 liene
824 2875 849 2914 ct
860 2866 941 2915 demie
953 2866 985 2915 de
997 2867 1085 2917 Rome.

716 2939 739 2980 6.
759 2932 867 2989 Secutis,
889 2932 952 2980 dans
971 2932 995 2980 le
1016 2949 1075 2982 sens
1097 2934 1132 2983 du

684 3006 748 3060 part.
762 3001 827 3062 pres.
841 2998 869 3046 V.
883 3014 919 3061 gr.
934 2997 967 3046 da
978 2997 1036 3047 Teo.
1048 3006 1087 3048 55.

719 3071 772 3110 so.
798 3072 818 3112 l.
839 3063 928 3124 Raptis
954 3066 1020 3125 quod
1042 3068 1131 3128 cuique

190 3127 272 3185 Tibre‚
286 3145 334 3176 non
344 3127 393 3176 lein
402 3128 436 3175 du
446 3129 631 3190 ponsMulvius.

223 3202 245 3242 2.
265 3193 631 3258 liuttonoctis.V.gr.deT.30.

223 3267 244 3308 3.
265 3260 365 3316 Griara,
380 3275 436 3307 sens
449 3258 533 3323 passif.

223 3333 245 3372 l.
265 3326 286 3372 F
287 3327 341 3373 crdo
352 3326 413 3388 fuya
430 3330 631 3381 criminabatur,

190 3400 245 3439 sont
256 3389 355 3454 srappe's
367 3391 398 3438 de
415 3389 523 3454 panique
536 3397 560 3438 et
573 3387 634 3437 s'en-

191 3455 270 3505 inient
283 3455 479 3504 honteusemcnt.

223 3529 244 3570 5.
264 3522 376 3580 Fidenae,
388 3538 419 3569 au
432 3538 456 3570 n.
468 3537 490 3570 e.
504 3520 535 3568 dc
545 3519 631 3579 Romo,

684 3128 783 3176 obvium
798 3131 861 3177 tetis.
882 3128 910 3177 V.
925 3143 961 3192 gr.
975 3127 1007 3176 de
1020 3129 1078 3178 Tac.
1093 3138 1129 3180 14.

716 3201 737 3243 2.
758 3194 898 3242 Exercitus.
921 3195 959 3242 On
971 3208 985 3241 a
997 3211 1029 3242 vu
1042 3194 1130 3260 qu'ily

683 3258 746 3307 avait
763 3276 796 3307 un
812 3275 884 3323 corps
902 3274 945 3307 sur
956 3259 985 3311 la
1003 3259 1058 3309 soie
1077 3261 1132 3310 Fla-

683 3323 776 3382 minia‚
805 3341 838 3373 un
862 3333 933 3373 autre
955 3340 998 3372 sur
1025 3325 1049 3374 la
1074 3326 1131 3376 soie

683 3390 786 3439 Salaria.

716 3463 737 3504 3,
757 3456 879 3505 Praelerrto
890 3456 928 3504 ret
938 3455 1057 3517 publica,
1071 3473 1131 3508 sous

682 3520 706 3569 le
718 3525 830 3589 protento
842 3521 876 3569 du
894 3520 953 3569 hicn
965 3521 1061 3591 public.
