2346 3922
390 216 480 259 mssa
500 217 544 258 1v.
568 217 633 262 cnr.
659 201 751 260 6-7.
985 206 1044 266 261

152 346 183 403 7.
208 344 267 404 Sed
283 345 421 405 Marcelli
437 348 570 407 studium
585 349 745 424 proprius¹
761 349 856 408 rubor
874 350 1044 421 excitabat,

115 461 151 501 ne
173 429 243 500 aliis
268 443 374 502 electis
395 446 587 520 posthabitus
615 447 801 507 crederetur.
833 449 1047 524 Paulatimque

114 560 169 618 per
183 541 431 600 altercationem²
452 544 490 602 ad
506 546 666 603 continuas
688 547 719 603 et
741 545 868 606 infestas
893 549 1048 606 orationes

114 641 251 716 provecti
272 644 358 711 sunt,
383 644 537 716 quaerente
558 644 701 701 Helvidio
717 644 789 718 quid
816 645 860 703 ita
884 646 1049 704 Marcellus

110 737 259 814 judicium
288 740 523 813 magistratuum
551 741 764 816 pavesceret³;
794 760 859 800 esse
888 742 934 800 illi
959 761 1047 818 pecu·

115 839 196 895 niam
212 841 242 896 et
257 837 476 912 eloquentiam,
494 841 562 914 quis
578 840 689 897 multos
705 835 868 902 anteiret⁴,
891 834 924 904 ni
938 851 1048 891 memo·

115 934 162 992 ria
176 935 364 1011 flagitiorum
380 939 552 1013 urgeretur.
585 939 675 997 Sorte
697 940 727 995 et
748 934 846 993 urna⁵
867 949 967 990 mores
988 951 1048 990 non

116 1033 263 1101 discerni;
281 1033 427 1108 suffragia
448 1038 478 1093 et
500 1037 760 1095 existimationem
782 1034 906 1091 senatus
926 1033 1050 1107 reperta

116 1133 150 1188 ut
171 1131 201 1188 in
223 1131 368 1208 cujusque
389 1134 486 1192 vitam
511 1132 682 1211 famamque
707 1133 916 1212 penetrarent.
948 1130 1048 1189 Perti·

117 1229 206 1285 nere⁶
227 1229 264 1287 ad
280 1229 446 1287 utilitatem
471 1233 517 1289 rei
536 1232 682 1307 publica,
710 1234 865 1308 pertinere
884 1231 921 1288 ad
936 1232 1048 1305 Vespa·

116 1326 195 1384 siani
224 1328 385 1398 honorem,
418 1346 576 1389 occurrere
605 1332 651 1389 illi
681 1350 755 1407 quos
784 1329 1049 1388 innocentissimos

117 1426 238 1482 senatus
253 1425 380 1494 habeat,
399 1428 450 1499 qui
472 1428 608 1488 honestis
634 1430 824 1488 sermonibus
848 1447 938 1487 aures
958 1429 1049 1502 impe·

117 1524 228 1581 ratoris
258 1523 405 1582 imbuant.
444 1525 551 1583 Fuisse
576 1527 764 1601 Vespasiano
790 1526 958 1584 amicitiam
982 1542 1050 1582 cum
1098 1589 1102 1593 .

118 1622 264 1690 Thrasea,
284 1623 429 1692 Sorano⁷‚
449 1623 572 1695 Sentio;
601 1643 729 1700 quorum
744 1628 936 1684 accusatores
957 1625 1050 1682 etiam

118 1720 140 1777 si
163 1720 267 1795 puniri
293 1738 352 1778 non
372 1725 526 1797 oporteat,
558 1724 707 1780 ostentari
737 1740 796 1780 non
822 1722 966 1790 debere⁸;
995 1723 1050 1779 hoc

117 1822 239 1878 senatus
245 1819 362 1895 judicio
374 1821 460 1879 velut
475 1822 632 1880 admoneri
643 1822 813 1896 principem
825 1837 899 1895 quos
910 1819 1047 1895 prober,

117 1933 190 1991 quos
210 1917 398 1979 reformidet.
430 1919 558 1979 Nullum
572 1917 670 1993 majus
695 1919 767 1976 boni
794 1917 916 1992 imperii
938 1917 1049 1974 instru-

116 2017 251 2074 mentum
266 2034 356 2091 quam
370 2017 464 2076 bonos
479 2018 591 2075 amicos
607 2033 682 2074 esse.
711 2016 794 2074 Satis
810 2013 956 2074 Marcello
972 2016 1050 2089 quod

116 2113 270 2174 Neronem
285 2115 317 2172 in
333 2115 462 2173 exitium
477 2117 524 2173 tot
539 2115 747 2172 innocentium
769 2114 934 2190 impulerit.
957 2115 1051 2171 Frue-

115 2217 202 2272 retur
222 2214 356 2290 praemiis
365 2215 388 2249 ¹⁰
409 2218 439 2272 et
461 2215 659 2290 impunitate,
675 2214 898 2289 Vespasianum
918 2211 1050 2269 meliori-

115 2313 171 2372 bus
186 2314 384 2388 relinqueret.
960 2305 962 2310 ’

152 2464 182 2507 U.
197 2466 218 2506 1.
231 2456 446 2520 Propriusrubor
458 2455 500 2520 (=
510 2471 559 2518 pu·
609 2454 666 2520 plus
682 2453 742 2502 haut
759 2454 795 2503 les
815 2469 973 2520 synonymes,
996 2470 1052 2503 con-

115 2524 185 2588 dor),
204 2521 279 2572 honte
292 2522 458 2587 personnelle.
610 2519 727 2568 viennent
739 2535 770 2568 su
783 2521 844 2586 style
856 2518 971 2568 oratoire.

149 2596 172 2637 2.
192 2587 396 2645 Attercub'ouem,
410 2586 561 2651 echungede
643 2593 665 2634 ’1.
691 2584 809 2635 Servilius
832 2585 909 2635 Bare'a
929 2585 1051 2642 Soranus,

115 2654 215 2720 paroles
227 2652 303 2711 vives,
317 2655 410 2718 oppose
423 2655 437 2701 a
449 2651 561 2701 discours
610 2651 744 2716 proconsul
765 2667 822 2700 sous
838 2652 920 2700 Ne'rcn
939 2666 969 2699 cn
982 2650 1052 2709 Asie,

117 2719 180 2769 suivi
192 2721 319 2781 (contiuuo
330 2719 427 2780 oratio).
611 2721 642 2766 od
656 2716 673 2765 il
686 2732 712 2765 se
725 2716 752 2764 fit
763 2716 842 2765 simer'
851 2732 895 2780 par
909 2731 953 2764 son
966 2731 1052 2765 amour

150 2793 173 2834 3.
192 2785 349 2842 Pavescerel,
373 2782 445 2832 verbe
469 2782 561 2831 intrau-
610 2782 677 2830 dela
688 2781 786 2845 justice.
812 2781 974 2831 Cefutsssez
991 2796 1054 2845 pour

117 2849 172 2899 sitii
181 2866 238 2898 avec
249 2866 283 2898 un
295 2849 461 2913 complemcut
472 2846 559 2905 direct,
611 2848 635 2895 le
647 2846 708 2896 faire
726 2846 876 2896 condemner
888 2849 901 2894 d
913 2855 977 2894 mort
995 2861 1053 2896 avec

118 2932 140 2965 v.
155 2932 191 2980 gr.
206 2915 237 2963 de
249 2914 346 2971 Tacite,
360 2920 372 2972 1
385 2921 420 2962 11.
611 2928 638 2961 sa
650 2913 701 2960 fille
712 2911 824 2961 Servilia.
836 2939 869 2948 -
880 2910 980 2961 Sentius
992 2910 1054 2961 n’est

150 2988 173 3030 4.
194 2981 254 3042 Quis
266 2981 356 3028 multos
365 2980 479 3035 anteiret,
489 2979 559 3035 oi...,
611 2993 655 3042 pas
667 2977 715 3026 citc'
727 2976 837 3026 ailleurs.

119 3044 163 3110 qui
182 3045 220 3093 lui
244 3043 405 3094 donneraient
428 3043 562 3108 l'arantagc
644 3050 665 3091 8.
685 3044 840 3104 Quorum—
850 3057 901 3089 nou
916 3040 1002 3089 debere
1019 3063 1053 3082 =

119 3127 162 3160 sur
170 3110 300 3175 beaucoup
310 3109 417 3159 d'autres
429 3110 501 3171 (pour
511 3113 562 3158 etro
581 3130 584 3136 ·
611 3115 633 3157 et
645 3124 740 3157 eorum.
759 3109 824 3156 Pour
835 3105 898 3156 l'inf.
912 3121 969 3154 arec
981 3105 1004 3154 le
1017 3121 1052 3156 re·

119 3176 182 3238 clu),
197 3176 217 3225 si
229 3177 253 3224 le
265 3174 417 3225 seuvenirde
427 3189 465 3222 ses
475 3171 562 3222 crimes
612 3172 678 3230 latis,
693 3190 715 3222 v.
729 3174 753 3221 la
765 3172 844 3237 segle,
859 3172 943 3220 Genti.
959 3177 1008 3220 lca.

120 3258 151 3291 ne
168 3243 190 3290 le
202 3239 362 3306 poursuivait.
643 3246 665 3287 9.
684 3239 774 3287 Probet
792 3253 826 3286 sc.
841 3239 968 3298 princeps.

122 3368 124 3372 Ι
152 3315 174 3356 5.
195 3307 265 3356 Sorte
274 3313 296 3355 et
305 3321 386 3362 urae,
398 3318 559 3369 synonymus,
646 3310 680 3352 10.
700 3304 824 3353 Praemiis.
843 3301 863 3350 ll
875 3300 939 3350 avait
951 3317 1008 3358 recu
1021 3300 1052 3350 de

120 3389 142 3423 u.
156 3389 192 3438 gr.
207 3371 239 3421 de
250 3372 307 3421 Tac.
324 3379 373 3420 173.
611 3369 692 3418 Neron
702 3368 760 3433 cinq
772 3366 879 3416 milliens
891 3365 922 3415 de
934 3375 1052 3415 sesterces

153 3445 175 3486 6.
194 3438 337 3494 Pertinere,
363 3433 423 3500 qu'il
445 3433 559 3498 importe.
623 3440 742 3491 l‚050,000
760 3432 801 3496 fr.)
816 3448 879 3497 pour
894 3429 1052 3480 l'accusation

122 3502 274 3571 L'anaphore
286 3502 457 3568 depcrciuere,
468 3515 562 3551 comme
612 3507 697 3548 contre
709 3498 824 3547 Thrasea.
838 3497 911 3562 (Ano.
925 3496 990 3554 XVI,
1005 3497 1052 3562 33.)

942 3576 980 3628 15*
