2346 3922
119 213 180 277 292
344 230 488 276 connsnn
508 229 609 275 sacrm
628 230 841 278 msroanaon

118 369 256 443 legiones
270 369 450 428 donativum
465 372 645 446 exposcunt,
665 368 840 444 comperto²
858 367 1019 442 pecuniam
1034 381 1056 425 a

119 467 246 527 Vitellio
260 469 395 528 missam.
409 469 475 528 Nec
490 470 542 528 diu
554 471 716 527 cunctatus
731 467 925 527 Hordeonius
937 466 1056 525 nomine

118 567 300 642 Vespasiani
316 569 399 627 dedit
412 591 419 637 ;
444 568 535 643 idque
554 568 741 644 praecipuum
756 565 816 625 fuit
831 565 994 624 seditionis
1008 564 1058 622 ali·

118 667 265 724 mentum.
296 665 391 724 Effusi
423 667 455 723 in
484 666 609 724 luxum³
634 667 665 724 et
696 665 802 741 epulas
832 668 863 722 et
892 667 1058 723 nocturnos

119 765 215 822 coetus
230 767 365 823 veterem
380 764 412 822 in
427 763 638 822 Hordeonium
653 763 731 821 iram
746 763 908 830 renovant,
926 779 983 820 nec
997 760 1058 819 ullo

118 861 290 941 legatorum
300 863 535 921 tribunorumve
550 864 699 922 obsistere
713 879 787 921 auso
800 861 924 939 (quippe
940 879 1059 919 omnem

119 960 284 1035 pudorem*
306 979 367 1019 nox
391 961 558 1036 ademerat)
585 962 775 1039 protractum
801 979 818 1018 e
842 960 938 1018 cubili
965 961 1059 1019 inter-

119 1058 238 1117 ficiunt.
261 1059 375 1118 Eadem
396 1059 428 1117 in
449 1060 597 1119 Voculam
616 1061 805 1136 parabantur
813 1060 834 1129 ὕ,
863 1060 925 1117 nisi
953 1059 1059 1118 servili

119 1157 227 1216 habitu
242 1175 297 1234 per
311 1158 454 1218 tenebras
469 1160 630 1234 ignoratus
645 1159 804 1218 evasisset.

160 1256 210 1313 37.
236 1255 296 1313 Ubi
319 1256 422 1314 sedato
442 1257 576 1332 impetul
598 1259 697 1315 metus
722 1257 832 1326 rediit,
860 1255 1058 1314 centuriones

118 1374 188 1414 cum
203 1355 344 1431 epistulis
359 1357 397 1414 ad
412 1357 556 1416 civitates
568 1356 739 1416 Galliarum
753 1354 876 1424 misere,
889 1354 1010 1413 auxilia
1024 1372 1059 1412 ac

120 1455 292 1531 stipendia²
313 1457 464 1516 oraturos.
488 1455 568 1530 Ipsi,
592 1457 627 1512 ut
649 1455 695 1512 est
716 1452 828 1528 vulgus
852 1453 919 1510 sine
940 1456 1060 1513 rectore

120 1570 271 1627 praeceps,
288 1553 449 1627 pavidum,
472 1569 588 1622 socors,
611 1551 798 1610 adventante
820 1551 937 1622 Civile,
961 1553 1060 1628 raptis

120 1653 235 1710 temere
249 1653 343 1710 armis
364 1669 400 1709 ac
419 1651 524 1709 statim
544 1650 678 1720 omissis,
703 1650 735 1708 in
755 1649 859 1725 fugam
880 1653 1057 1712 vertuntur.

120 1752 183 1811 Res
197 1751 333 1810 adversae
348 1751 531 1810 discordiam
552 1768 714 1826 peperere,
741 1751 781 1808 iis
802 1750 854 1826 qui
869 1768 886 1808 e
901 1751 1058 1826 superiora

121 1851 278 1910 exercitu³
299 1853 388 1910 erant
409 1868 532 1910 causam
551 1868 637 1910 suam
658 1849 911 1924 dissociantibus3
938 1848 1057 1908 Vitellii

120 1952 224 2007 tamen
244 1949 393 2024 imagines
413 1950 444 2006 in
465 1949 575 2008 castris
594 1950 625 2007 et
645 1964 701 2024 per
719 1945 875 2023 proximas
893 1945 1056 2023 Belgarum

121 2048 265 2107 civitates
299 2048 462 2124 repositae,
500 2064 568 2105 cum
602 2045 668 2122 jam
700 2042 845 2104 Vitellius
884 2043 1054 2103 occidisset.

121 2147 199 2205 Dein
221 2148 332 2205 mutati
355 2148 386 2205 in
409 2145 621 2222 paenitentiam
642 2142 775 2220 primani
801 2142 1007 2217 quartanique
1028 2144 1058 2198 et

119 2246 393 2304 duoetvicesimani
418 2243 567 2306 Voculam
587 2243 767 2317 sequuntur,
790 2242 872 2318 apud
897 2259 988 2316 quem
1012 2258 1056 2299 re·

119 2347 240 2421 sumpto
254 2342 438 2419 Vespasiani
457 2343 648 2400 sacramento
668 2340 707 2398 ad
724 2339 917 2397 liberandum
932 2340 1057 2417 Mogon-

119 2443 195 2501 tiaci
216 2442 384 2501 obsidium⁴
406 2440 606 2499 ducebantur.
629 2439 842 2498 Discesseraut
864 2438 1056 2508 obsessores

120 2541 236 2601 mixtus
265 2558 303 2599 ex
331 2540 480 2610 Chattis⁵,
512 2538 648 2614 Usipist,
678 2539 856 2599 Mattiacis⁷
883 2540 1056 2609 exercitus,

154 2683 176 2725 2.
197 2676 340 2739 Comperto,
360 2673 411 2725 abl.
435 2673 499 2732 abs,
522 2672 565 2739 qui
614 2683 711 2723 cement
727 2671 893 2725 d'cxdcution.
919 2674 948 2724 V.
972 2675 1057 2725 Gantr.

121 2756 148 2789 sc
159 2751 245 2791 trouve
257 2741 323 2790 aussi
338 2741 400 2789 dans
416 2740 452 2789 les
465 2749 565 2789 auteurs
613 2745 625 2798 5
639 2746 689 2797 143,
703 2746 725 2788 2.
744 2755 805 2788 rem.

121 2807 267 2873 classiques.
280 2807 309 2855 V.
318 2806 403 2856 Gantr.
416 2812 466 2863 174,
479 2813 501 2854 5.
649 2811 700 2854 11.
712 2813 733 2854 1.
742 2805 859 2868 impetat,
870 2814 1057 2871 empcrtement.

155 2881 177 2922 3.
196 2875 311 2930 Lanam,
324 2871 475 2932 ddbauches.
647 2877 670 2919 2.
688 2871 832 2934 Stipendia,
843 2872 1059 2938 del'argentpour

154 2947 177 2987 4.
196 2940 331 2989 Padarem.
364 2938 399 2986 Le
431 2935 565 2986 sentiment
613 2935 728 2986 lasolde.

121 3004 260 3054 d'honneur
274 3002 462 3078 manquaitaux
478 3001 564 3050 liente-
646 3009 669 3050 3.
688 3002 824 3064 Superiora
851 3006 976 3062 accercito,
1006 3003 1059 3052 l'ar-

121 3079 194 3119 nants
214 3079 238 3118 et
254 3085 303 3118 anx
319 3068 429 3125 tribuas,
447 3068 479 3116 de
499 3076 564 3116 sorte
614 3067 711 3116 meede
724 3068 747 3116 la
760 3068 890 3117 Germanic
903 3068 1056 3133 superieurc.

121 3135 195 3202 qu'ils
219 3151 250 3184 ne
275 3134 438 3184 cherchdrent
462 3132 564 3198 pointd
645 3141 668 3181 4.
688 3134 859 3182 liberandam
875 3135 1007 3192 absidiam,
1028 3149 1058 3182 au

121 3201 241 3251 delendue
253 3201 277 3249 le
289 3199 389 3265 general
398 3215 429 3247 en
439 3197 503 3248 chef.
612 3199 663 3248 lieu
676 3198 707 3247 de
716 3197 876 3263 l'expression
888 3199 1014 3248 ordinaire
1026 3201 1058 3247 ad

154 3275 176 3318 5.
196 3266 363 3315 Parabantur
374 3267 432 3315 aiat.
445 3264 473 3313 V.
485 3280 522 3329 gr.
532 3263 564 3312 de
612 3267 757 3315 solvendam
769 3264 903 3322 absidiam,
918 3281 950 3314 ou
960 3268 994 3314 ad
1004 3266 1057 3314 libc-

121 3334 178 3382 Tac.
197 3338 208 3390 5
226 3339 263 3381 76.
285 3329 428 3380 L'indicatif
446 3345 561 3394 marquc,
612 3332 724 3379 raedam
733 3331 912 3394 Mapontiacam
924 3331 1055 3379 obsidione.

121 3399 183 3446 dans
195 3413 235 3446 ces
247 3407 325 3446 sortes
336 3395 367 3445 de
377 3395 479 3460 phrases
489 3395 564 3461 hypa—
645 3404 668 3446 5.
688 3396 783 3454 Chatti,
798 3412 820 3445 v.
834 3396 873 3444 ch.
889 3403 925 3452 12,
939 3406 998 3445 note
1009 3404 1031 3444 4.

119 3463 258 3530 rdetiques,
278 3479 312 3512 un
328 3460 373 3510 fait
388 3460 517 3509 imminent
532 3476 565 3510 on
648 3467 670 3510 6.
691 3461 773 3522 Usipi,
791 3460 896 3510 vis-l-vis
912 3462 944 3510 de
960 3462 1054 3519 Vetera,

110 3531 158 3602 qui
178 3548 193 3583 a
223 3529 281 3599 deja
300 3544 360 3592 repu
385 3545 421 3581 un
448 3542 571 3580 commen·
618 3525 1034 3592 surlahippe,affluentduRhin.
