2346 3922
172 230 212 287 38
389 243 532 286 connum
553 242 653 286 rucrrr
673 242 885 309 urssouruuuur

171 375 312 434 dentibus
332 375 472 436 accessit.
503 375 685 433 Praemissus
707 377 810 433 tamen
836 372 868 429 iu
894 373 995 430 eastra
1021 371 1110 439 Piso,

172 475 206 532 ut
220 472 346 548 juvenis
365 490 475 548 magno
498 474 638 542 nomine,
665 472 783 530 recenti
802 470 907 527 favore
927 471 958 528 et
978 467 1115 526 infensus

173 572 242 630 Tito
250 571 354 641 Vinio,
373 589 425 629 seu
441 571 514 646 quia
529 573 612 640 erat,
630 587 682 628 seu
698 571 771 644 quia
787 567 1111 636 irati1itavolebant;

173 670 221 728 et²
245 669 367 728 facilius
389 670 425 728 de
445 671 513 728 odio
533 670 678 730 creditur.
703 668 839 728 Vixdum
862 683 983 742 egresso
999 666 1114 724 Pisone

173 769 305 827 occisum
320 769 352 825 in
368 769 479 827 castris
495 768 646 826 Othonem
665 783 762 840 vagus
776 767 909 840 primum
928 767 959 822 et
977 764 1114 822 incertus

172 884 296 924 rumor:
314 884 402 935 mox,
430 869 464 924 ut
485 866 517 922 iu
536 866 657 938 magnis
672 864 855 932 mendaciis,
883 861 1060 921 interfuisse
1082 879 1114 920 se

173 965 296 1039 quidam
325 969 356 1024 et
383 965 498 1023 vidisse
523 960 731 1031 affirmabant,
756 961 899 1020 credula³
925 961 1006 1018 fama
1032 960 1115 1018 inter

173 1064 339 1138 gaudentes
370 1067 401 1122 et
430 1063 610 1123 incuriosos.
644 1062 736 1121 Multi
767 1062 960 1119 arbitrantur
994 1077 1113 1134 compo-

173 1163 266 1220 situm
294 1165 476 1236 auctumque
505 1177 660 1218 rumorem
685 1159 792 1217 mixtis
816 1159 881 1235 jam
912 1157 1111 1226 Othonianis,

173 1261 225 1336 qui
246 1262 284 1319 ad
306 1260 492 1319 evocandum
518 1258 646 1318 Galbam
667 1258 739 1316 laeta
759 1257 837 1316 falso
857 1257 1067 1332 vulgaverint.

214 1377 264 1438 35.
287 1379 365 1436 Tum
379 1394 452 1435 vero
467 1392 527 1432 non
542 1373 671 1450 populus
687 1375 808 1432 tantum
823 1377 854 1431 et
869 1373 1012 1448 imperita
1026 1371 1113 1446 plebs

175 1475 207 1533 in
222 1474 347 1550 plausus
368 1477 399 1532 et
419 1474 582 1531 immodica
597 1472 726 1541 studia¹‚
751 1472 801 1530 sed
821 1472 958 1545 equitum
976 1471 1114 1546 plerique

174 1591 210 1632 ao
230 1576 419 1642 senatorum,
448 1572 549 1648 posito
574 1572 657 1629 metu
678 1570 811 1639 incauti,
832 1569 973 1629 refractis
995 1569 1113 1628 Palatii

174 1670 292 1730 foribus
312 1688 402 1730 ruere
424 1671 527 1728 intus²
551 1685 588 1726 ac
610 1684 641 1726 se
661 1665 765 1726 Galbae
784 1669 953 1736 ostentare,
980 1683 1112 1742 praerep-

173 1771 238 1826 tam
254 1768 312 1826 sibi
328 1768 475 1826 ultionem
490 1768 667 1841 querentes;
690 1764 907 1837 ignavissimus
922 1765 1049 1839 quisque
1064 1768 1110 1834 et,

176 1868 274 1924 utres
289 1867 406 1936 docuit,
435 1867 467 1923 in
482 1862 617 1940 periculo
632 1879 692 1921 non
708 1879 838 1920 ausurus
863 1863 970 1921 nimii³
996 1863 1110 1932 verbis,

175 1963 307 2037 linguae⁴
322 1962 451 2032 ferocem
472 1979 559 2019 nemo
575 1961 653 2019 scire
668 1964 699 2019 ct
714 1978 817 2020 omnes
831 1962 997 2032 affirmare,
1018 1962 1114 2020 donec

174 2061 278 2136 inopia
312 2063 379 2120 veri
412 2064 443 2120 et
474 2077 622 2119 consensu
656 2059 825 2117 errantium
859 2061 959 2118 victus
992 2064 1113 2135 sumpto

173 2159 298 2216 thorace
314 2158 412 2216 Galba
431 2157 561 2215 irruenti
576 2158 675 2216 turbae
700 2176 797 2233 neque
822 2160 912 2217 aetate
931 2175 1027 2233 neque
1048 2175 1113 2216 cor-

174 2272 247 2330 pore
263 2256 391 2314 sistens⁵
411 2255 486 2314 sella
504 2256 669 2316 levaretur.
695 2257 812 2315 Obvius
826 2257 858 2314 in
874 2257 996 2315 Palatio
1011 2256 1114 2316 Julius

174 2353 296 2411 Atticus
319 2353 501 2428 speculator,
517 2357 680 2412 cruentum
696 2353 830 2428 gladium
845 2357 1017 2424 ostentans,
1035 2356 1113 2413 oeci·

175 2468 241 2510 sum
256 2469 275 2510 a
290 2469 322 2510 se
338 2453 488 2511 Othonem
503 2452 702 2522 exclamavit3
720 2454 751 2510 et
766 2452 864 2511 Galba
878 2452 1111 2523 «commilito»,

210 2599 263 2645 84.
282 2601 303 2648 l.
328 2596 404 2655 lreti,
427 2595 508 2647 irrite's
532 2609 617 2648 contre

175 2659 270 2711 Vinius.

208 2734 229 2776 2.
249 2729 281 2776 Et
293 2737 342 2776 seut
354 2726 511 2792 quelquelois
520 2730 534 2777 d
543 2730 618 2778 enon-

668 2598 765 2648 donuer
776 2598 813 2663 a),
835 2614 930 2650 comme
947 2598 1011 2648 hun.
1026 2605 1063 2656 13,
1075 2607 1111 2648 ll:

669 2663 812 2728 Agrippino
831 2681 906 2713 rasere
926 2667 960 2712 cd
979 2671 1111 2714 terrerem.

700 2738 723 2778 2.
752 2730 823 2779 letus
843 2751 875 2773 =
895 2733 1048 2787 introrsum,
1077 2739 1115 2779 est

175 2807 272 2841 cerunc
280 2794 390 2856 cause(v.
400 2809 436 2858 gr.
445 2793 540 2843 deTsc.
551 2796 615 2858 110):

175 2872 217 2970 {aa
228 2873 260 2907 ou
273 2858 334 2909 croit
346 2859 402 2924 plus
415 2857 555 2908 sacilement
568 2863 582 2908 h
594 2861 618 2909 ln

194 2938 258 2973 aune.

208 2996 230 3038 3.
250 2989 550 3039 Credula-incuriosos.
562 2989 619 3039 Cre-

175 3055 236 3102 dula
253 3053 306 3103 doit
317 3057 368 3104 stre
380 3053 431 3119 pris
447 3053 508 3102 dans
527 3055 550 3103 le
562 3069 618 3104 sens

176 3118 255 3183 passis
267 3139 274 3167 t
304 3120 328 3167 la
357 3119 471 3168 noutblle
506 3129 619 3169 trouvent

175 3200 293 3250 croyancc
303 3187 391 3248 auprds
400 3184 444 3232 des
454 3182 616 3237 indifferens.

210 3258 263 3298 εὖ.
283 3258 304 3298 1.
318 3250 484 3308 ln—staedie,
499 3260 617 3300 scusent.

175 3331 258 3364 ruere.
281 3315 315 3364 Cc
332 3330 354 3364 v.
374 3323 411 3363 est
430 3316 542 3380 employd
562 3316 618 3380 plus

175 3380 226 3429 lein
250 3380 312 3429 dans
335 3381 359 3428 lc
378 3396 434 3428 sens
452 3395 543 3444 propre
560 3396 619 3430 avec

175 3449 258 3504 intres,·
277 3445 321 3503 ici,
341 3443 359 3493 il
378 3444 431 3494 l'est
443 3445 504 3494 daus
522 3447 546 3494 le
562 3461 618 3496 scus

177 3510 255 3577 ligure'
266 3510 302 3577 (se
314 3510 400 3560 luisses
411 3510 473 3560 aller
483 3513 511 3571 d,
525 3509 619 3562 s'aban-

667 2794 732 2843 aussi
745 2795 807 2844 dans
819 2795 902 2854 Cesar,
916 2795 941 2844 b.
953 2811 974 2844 c.
986 2802 1008 2853 3,
1023 2801 1060 2844 26.

699 2867 722 2910 3.
741 2861 819 2910 Nime'i
838 2861 882 2925 (sc.
896 2860 991 2926 erant),
1009 2859 1114 2910 attribut

667 2925 814 2989 dequisque.

699 2999 723 3039 4.
746 2991 842 3049 Verbis,
867 2993 966 3054 linquae.
1000 2991 1067 3040 Pour
1090 2994 1113 3040 lc

667 3056 831 3121 changemeut
843 3055 875 3105 de
886 3072 941 3115 cus,
955 3073 976 3105 v.
991 3072 1028 3121 gr.
1042 3057 1075 3106 de
1083 3058 1111 3106 T.
1169 3056 1172 3061 ’

669 3129 718 3171 184.
744 3122 896 3186 Remarquez
911 3137 1000 3171 encore
1018 3122 1042 3170 la
1061 3138 1113 3188 gra-

667 3186 752 3235 darien
774 3202 831 3235 avoc
849 3186 1001 3252 l'nsynde'ton
1021 3188 1067 3252 (gr.
1082 3188 1113 3237 dc

669 3253 696 3301 T.
713 3251 763 3316 178)
775 3272 780 3299 ι
792 3255 908 3316 euagdre's
920 3252 981 3300 dans
993 3253 1060 3302 leurs
1072 3269 1114 3318 pa·

668 3316 746 3374 soles,
760 3316 846 3366 breves
858 3317 889 3366 dc
901 3317 925 3365 lu
937 3317 1036 3382 langue.

701 3391 723 3432 5.
746 3383 930 3433 Turbmsistens
941 3405 974 3424 =
985 3386 1110 3433 resistens.

668 3448 697 3496 T.
711 3447 817 3512 emploie
833 3457 936 3497 souvent
953 3449 1009 3499 lev.
1024 3448 1113 3515 simple

668 3528 732 3578 pour
743 3514 766 3562 lc
778 3516 901 3579 compose'.
