2346 3922
333 123 425 167 amsa
440 123 467 190 ¹1.
491 124 556 169 oar.
583 109 715 169 68-70.
957 108 997 168 69

98 256 150 316 70.
175 253 296 316 Caecina
312 271 426 330 paucos
441 255 473 314 in
489 256 643 316 Helvetiis
656 259 793 316 moratus
808 255 890 325 dies,
907 255 996 314 dum¹

58 353 220 413 sententiae
226 353 346 413 Vitellii
362 354 475 412 certior
485 354 584 425 fieret,
593 355 684 414 simul
695 355 861 414 transitum
873 353 998 429 Alpium

56 470 187 528 parans,
207 450 312 510 laetum
331 469 369 509 cx
389 452 481 510 ltalia
502 453 643 512 nuntium
667 453 782 528 accipit
802 451 883 511 alam
909 450 998 510 Silia-

56 553 148 609 nam²
166 551 249 609 circa
264 550 383 610 Padum
397 553 538 625 agentem
559 555 750 610 sacramento
765 548 885 609 Vitellii
900 566 998 607 acces-

56 650 144 708 sisse.
162 651 225 709 Pro
240 647 382 707 consulo³
402 648 563 708 Vitellium
583 649 695 708 Siliani
717 649 748 707 in
768 647 874 707 Africa
889 647 998 705 habue

57 751 143 818 rant;
156 765 229 806 mox
243 764 262 804 a
277 746 415 816 Nerone,
432 750 467 805 ut
482 748 513 804 in
528 749 702 823 AEgyptum
718 747 996 821 praemitterentur,

58 845 151 903 exciti
170 847 202 903 et
221 845 259 903 ob
272 843 386 902 bellum
403 844 543 903 Vindicis
560 845 699 903 revocati
714 860 750 901 ac
770 847 835 902 tum
857 844 890 900 in
906 843 999 901 ltalia

53 945 216 1001 manentes
236 942 385 1001 instinctu
400 942 627 1012 decurionum⁴,
645 943 697 1018 qui
724 942 853 1001 Othonis
879 941 996 1016 ignari,

53 1040 186 1101 Vitellio
201 1041 342 1099 obstricti
360 1041 454 1099 robur
472 1041 705 1100 adventantium
723 1039 879 1116 legionum
904 1042 935 1098 et
955 1039 998 1098 ia·

54 1155 138 1196 mam
167 1138 342 1198 Germanici
371 1138 523 1197 exercitus
555 1139 753 1208 attollebant,
783 1138 935 1196 transiero
966 1138 999 1195 in

54 1239 162 1312 partes
183 1238 214 1295 et
234 1238 269 1295 ut
288 1237 399 1295 donum
416 1236 539 1312 aliquod
565 1255 644 1296 novo
665 1237 798 1312 principi
822 1236 1000 1294 firmissima

57 1335 273 1410 transpadanae
297 1334 433 1409 regionis
453 1335 621 1410 municipia
640 1336 848 1396 Mediolanum
876 1352 912 1393 ac
937 1334 999 1393 No·

56 1432 178 1490 variam
192 1435 224 1490 et
238 1432 436 1506 Eporediam⁵
458 1432 489 1488 et
503 1432 660 1492 Vercellas
675 1431 854 1508 adjunxere.
885 1431 920 1489 ld
936 1432 999 1489 Cae·

56 1531 135 1588 cinae
152 1548 209 1606 per
223 1531 305 1606 ipsos
320 1534 517 1606 compertum.
536 1536 576 1593 Et
590 1536 663 1610 quia
677 1535 821 1610 praesidio
836 1533 893 1591 alac
909 1533 1000 1591 unius

56 1628 211 1687 latissima
243 1630 342 1688 Italiae
377 1647 449 1707 pars
481 1632 602 1692 defendi
631 1633 795 1708 nequibat,
832 1631 1000 1707 praemissis

55 1726 216 1786 Gallorum
230 1728 507 1806 Lusitanorumque
528 1735 559 1789 et
578 1733 799 1790 Britannorum
822 1730 1000 1788 cohortibus

56 1827 88 1882 et
102 1827 325 1884 Germanorum
339 1828 481 1886 vexillis⁶
503 1849 571 1888 cum
586 1830 636 1888 ala
651 1829 819 1888 Petriana⁷
841 1829 906 1903 ipse
925 1845 998 1902 pau-

56 1924 121 1982 lum
142 1926 303 1982 cunctatus
328 1926 389 1995 est,
417 1943 490 1984 num
515 1923 643 1983 Raeticis
664 1923 751 1999 jugis
773 1922 805 1979 in
831 1921 999 1981 Noricum⁸

56 2022 214 2080 flecteret⁹
228 2023 375 2080 adversus
390 2023 571 2082 Petronium
586 2021 734 2081 Urbicum
750 2023 997 2096 procuratorem,

58 2120 110 2193 qui
126 2121 255 2178 concitis
275 2120 402 2179 auxiliis
421 2125 452 2180 et
472 2119 656 2194 interruptis
674 2117 835 2176 fluminum
855 2117 1000 2193 pontibus

56 2217 136 2276 fidus
162 2218 276 2276 Othoni
299 2219 479 2294 putabatur.
508 2219 568 2277 Sed
588 2217 671 2274 metu
688 2233 726 2274 ne
745 2217 903 2274 amitteret
924 2232 999 2289 prae·

91 2375 143 2417 10.
166 2376 186 2417 1.
196 2369 404 2431 Dum=qoood,
414 2370 500 2418 donec.
584 2374 606 2416 5.
625 2365 791 2429 Eporediam,
805 2362 856 2428 auj.
876 2363 953 2413 lvrde.

57 2435 123 2484 9⁰¹¹?
133 2435 158 2482 ¹0
167 2431 247 2506 §Ubii
260 2449 282 2483 l·
296 2433 381 2508 Gassff·
400 2441 452 2509 lai,
467 2433 499 2483 ῙῙ·
584 2456 607 2497 6.
629 2449 737 2498 Vecillie.
758 2447 792 2496 De
805 2450 884 2496 meme
897 2460 946 2509 que
963 2459 999 2492 co

89 2498 500 2556 ²·[faded³⁰³V³¹⁰s¹⁰S¹¹¹⁰¹¹¹¹⁰a
551 2515 663 2563 hortibus
687 2529 713 2561 se
733 2511 769 2560 dit
792 2512 824 2560 de
847 2509 998 2560 l'iniantcrie

58 2567 170 2615 nominee
188 2580 245 2613 saus
261 2564 336 2613 doute
349 2563 410 2613 ainsi
429 2579 502 2628 parce

55 2630 147 2696 qn'elle
166 2629 229 2678 avait
246 2631 284 2679 616
301 2629 393 2679 formae
411 2644 456 2694 par
471 2629 500 2679 C.

54 2695 145 2752 Silius,
161 2710 315 2759 gouvcrneur
326 2693 357 2742 (16
369 2694 393 2742 16
405 2695 503 2744 Germa-

55 2761 96 2825 nic
113 2759 259 2825 supe'rieure
269 2776 327 2809 sous
338 2759 434 2809 Tibtra.

89 2835 112 2877 3.
131 2827 179 2875 Les
196 2824 324 2890 provinces
341 2823 502 2873 stratoriales

55 2891 186 2956 d'Alrique
198 2900 222 2939 et
234 2889 315 2939 d'Asie
331 2889 426 2939 avaient
438 2905 502 2954 pour

55 2971 225 3023 gouverncurs
243 2955 367 3004 d‘anciens
391 2955 500 3010 consuls,

56 3023 100 3088 qui
128 3019 258 3086 prenaicut
275 3021 298 3069 le
325 3019 382 3069 titre
399 3019 430 3068 de
453 3035 502 3082 pro

56 3089 170 3142 consule,
185 3086 326 3150 proconsul.

88 3162 111 3202 4.
125 3150 214 3202 C'e'tait
225 3152 249 3200 le
263 3151 320 3199 titre
336 3150 380 3199 das
398 3147 502 3198 officiers

57 3218 88 3269 de
99 3216 233 3275 cavalaria,
251 3214 322 3290 qn'ils
334 3222 433 3264 eussent
444 3229 502 3262 sous

57 3285 124 3333 leurs
135 3282 221 3332 ordros
234 3280 278 3330 dix
290 3280 406 3330 cavalicrs
431 3281 502 3328 decu·

58 3351 108 3415 116)
119 3365 153 3399 ou
165 3363 197 3397 nn
211 3346 268 3412 plus
279 3344 357 3411 grand
366 3361 398 3395 no
442 3359 478 3393 rc.

551 2578 695 2634 auxiliariis,
708 2579 804 2627 veoeillie
823 2575 917 2626 semble
935 2574 999 2623 desi·

551 2660 612 2708 guar
631 2643 662 2692 ici
683 2644 706 2691 16
727 2641 847 2692 cavalaria
868 2639 998 2689 auxiliairo

551 2710 596 2758 des
611 2707 749 2759 Germains.

584 2797 606 2838 7.
617 2788 691 2838 L'ailc
700 2788 731 2836 dc
740 2786 860 2837 cavalaria
870 2783 995 2843 Petriana,

551 2870 607 2904 sans
619 2855 694 2903 doute
704 2855 816 2902 1161611166
829 2850 891 2901 ainsi
901 2850 997 2914 d'aprbs

552 2921 575 2969 16
606 2934 706 2968 suruom
735 2917 766 2966 (16
791 2918 819 2966 T.
848 2915 999 2981 Pomponius

551 2987 635 3042 Petra,
653 2983 696 3048 qni
715 2982 795 3031 l'avait
813 2981 914 3031 formos.

583 3074 605 3116 8.
619 3065 783 3116 NcriccmN.
793 3064 834 3113 cb.
845 3072 879 3120 11,
890 3071 947 3111 note
958 3070 994 3111 ll.

584 3153 605 3195 9.
625 3146 645 3195 ll
658 3144 737 3195 hesita
754 3142 792 3192 s'il
809 3159 841 3190 no
861 3139 998 3190 tournerait

551 3211 622 3276 point
633 3212 667 3260 du
679 3212 734 3259 cota'
746 3208 809 3258 de...
820 3209 887 3258 Nam
902 3222 916 3254 6
929 3205 959 3254 161
975 3206 998 3254 16

551 3293 607 3325 scus
619 3276 651 3326 (16
662 3279 789 3338 atae-pue.
802 3274 831 3324 V.
845 3289 882 3338 gr.
899 3271 930 3320 de
939 3271 997 3320 Tac.

555 3349 606 3392 136.
