2346 3922
316 178 407 223 numa
426 178 473 222 n1.
497 179 563 223 car.
587 163 720 224 24-26.
931 163 990 222 199

53 315 202 376 victores.
224 317 269 376 Ea
290 318 456 377 notabilior
475 318 572 376 caedes
593 317 652 376 fuit
673 319 746 393 quia
770 318 853 378 filius
871 320 991 394 patrem

55 414 225 474 interfecit.
249 417 326 475 Rem
345 418 526 492 nominaque
544 418 668 476 auctore
685 418 834 494 Vipstano
849 416 993 475 Messalla

54 513 189 572 tradam.
206 512 307 573 Julius
321 515 500 575 Mansuetus
515 533 553 574 ex
567 517 728 592 Hispania,
746 518 862 592 Rapaci
878 515 993 591 legioni

54 610 192 682 additus,
209 612 361 688 impubem
371 612 468 671 filium
480 615 560 673 domi
574 614 717 690 liquerat.
735 616 765 673 Is
776 633 847 672 mox
858 614 991 682 adultus,

56 708 142 768 inter
163 711 348 786 septimanos
372 730 391 771 a
413 713 510 772 Galba
529 714 735 788 conscriptus,
757 713 893 770 oblatum
914 711 994 768 forte

56 810 180 884 patrem
191 811 222 867 et
232 810 359 870 vulnere
370 815 500 871 stratum
516 812 586 869 dum
601 811 809 870 semianimem
825 811 991 876 scrutatur,

56 907 185 983 agnitus
216 925 441 986 agnoscensque
460 912 491 969 et
519 925 703 984 exsanguem
733 908 904 984 amplexus,
921 923 996 964 voce

56 1003 155 1062 fiebili
177 1007 359 1080 precabatur
377 1008 531 1083 placatos⁶
551 1010 649 1084 patris
669 1024 787 1075 manes,
812 1023 889 1063 neve
910 1020 942 1062 se
962 1005 996 1060 ut

57 1103 246 1178 parricidam
271 1108 510 1166 aversarentur:
537 1107 711 1182 publicum⁷
741 1105 771 1162 id
799 1103 934 1172 facinus3
966 1104 997 1159 et

57 1219 156 1259 unum
182 1203 310 1261 militem
339 1207 461 1279 quotam
491 1207 630 1263 civilium
658 1220 811 1262 armorum
839 1200 997 1278 partemsst

59 1299 153 1358 simul
168 1301 310 1360 attollere
331 1320 454 1379 corpus,
472 1306 592 1380 aperire
608 1305 747 1372 humum,
767 1319 908 1377 supremo
924 1317 998 1374 erga

59 1403 221 1474 parentem
249 1400 346 1459 officio
374 1400 473 1478 fungi.
509 1404 679 1462 Advertere
707 1400 857 1477 proximi,
889 1399 998 1455 deinde

60 1495 183 1570 plures,
210 1497 282 1555 hinc
303 1515 358 1574 per
378 1516 496 1558 omnem
518 1500 615 1558 aciem
632 1500 814 1558 miraculum
829 1501 860 1557 et
874 1500 998 1573 questus

60 1597 94 1654 et
108 1595 271 1654 saevissimi
290 1596 364 1654 belli
385 1600 565 1660 exsecratio.
589 1598 655 1658 Nec
675 1617 710 1656 eo
732 1598 855 1672 segnius
875 1580 997 1673 propin-

61 1709 149 1766 quos,
167 1691 284 1762 affines,
309 1691 421 1752 fratres
439 1696 611 1765 trucidant,
629 1696 779 1773 spoliant3
804 1694 919 1752 sactum
934 1711 999 1751 esse

62 1792 162 1850 scelus
177 1791 345 1866 loquuntur
358 1792 546 1869 faciuntque.

104 1896 158 1956 26.
188 1896 231 1955 Ut
256 1896 435 1954 Cremonam
460 1915 587 1968 venere,
618 1915 731 1955 novum
760 1897 999 1970 immensumque

63 2012 141 2072 opus
174 1995 317 2054 occurrit.
355 1996 528 2055 Othoniano
563 1997 643 2055 bello
678 1997 877 2056 Germanicus
911 1996 999 2053 miles

62 2092 215 2151 moenibus
240 2093 489 2152 Cremonensium
518 2095 619 2152 castra
645 2111 713 2163 sua,
745 2094 854 2152 castris
883 2091 1000 2149 vallum

64 2189 296 2265 circumjacerat
317 2209 412 2267 eaque
427 2194 616 2250 munimenta
630 2209 736 2259 rursus
754 2193 894 2252 auxerat.
923 2191 1000 2256 Quo·

64 2307 135 2348 rum
150 2290 293 2365 adspectu
319 2291 434 2348 haesere
454 2291 602 2359 victores,
630 2289 756 2347 incertis
782 2288 908 2346 ducibus
930 2285 1001 2360 qnid

60 2389 219 2466 juberent.
257 2389 396 2464 Incipere
427 2390 685 2464 oppugnationem
719 2387 798 2446 fesso
834 2404 889 2462 per
922 2386 1002 2444 diem

66 2491 247 2562 noctemque
271 2487 408 2544 exercitu
434 2485 563 2543 arduum
587 2487 619 2542 et
643 2485 726 2542 nullo
751 2483 843 2558 juxta
867 2482 1003 2540 subsidio

67 2602 196 2660 anceps;
231 2586 278 2643 sin
307 2583 489 2642 Bedriacum
518 2582 671 2651 redirent,
703 2564 913 2640 intolerandus
940 2581 1005 2637 tam

49 2682 154 2757 longi
175 2682 297 2740 itineris
312 2682 408 2750 labor,
430 2683 461 2738 et
474 2681 607 2739 victoria
627 2680 665 2737 ad
687 2681 810 2738 irritum
825 2678 1002 2737 revolveba-

67 2781 136 2850 tur;
161 2780 281 2838 munire
301 2780 416 2848 castra,
442 2779 472 2837 id
488 2796 621 2854 quoqne,
645 2777 825 2854 propinquis
847 2777 1000 2844 hostibus,

68 2879 311 2946 formidolosum,
334 2895 371 2935 ne
392 2877 544 2952 dispersos
565 2878 596 2934 et
617 2893 692 2950 opus
717 2873 877 2932 molientes
903 2873 1005 2930 subita

103 3053 125 3095 6.
143 3045 267 3094 Placatos.
278 3042 393 3093 L'auteur
402 3040 513 3106 exprime
562 3040 629 3089 vient
645 3055 671 3088 se
683 3038 839 3088 coordonner
854 3037 878 3086 la
896 3036 1006 3101 proposi-

70 3127 116 3177 par
132 3109 293 3174 anticipation
313 3108 446 3173 tprolepse)
465 3121 514 3155 une
563 3106 614 3154 tion
627 3104 670 3170 qui
682 3120 823 3154 commoneo
838 3119 883 3167 par
894 3118 962 3150 acac.

71 3176 179 3242 qualite,
193 3175 235 3240 qui
248 3173 350 3223 n'existe
357 3189 401 3238 pas
410 3187 512 3229 encore,
596 3179 618 3218 7.
637 3171 781 3227 Publicara,
796 3169 871 3216 litto'r.
881 3187 886 3215 ι
898 3168 921 3215 le
930 3166 1005 3215 crime

71 3242 133 3291 mais
148 3240 191 3305 qui
204 3240 257 3289 doit
275 3244 326 3289 tire
337 3238 452 3304 produite
470 3253 515 3301 par
563 3251 683 3285 concerno
696 3236 719 3283 la
731 3235 805 3283 chose
817 3232 951 3297 publique,
970 3241 1007 3280 est

71 3307 170 3357 l'action
183 3307 217 3354 du
229 3305 303 3354 verbe
314 3328 348 3346 =
361 3304 515 3366 precabatur
563 3300 664 3351 commis
674 3316 705 3348 au
715 3299 807 3348 service
816 3299 847 3347 de
856 3290 938 3346 l'Etat.

71 3387 157 3421 maaca
177 3378 206 3420 at
225 3372 401 3432 placarentur.
422 3368 514 3430 Apta·
596 3374 618 3414 8.
644 3367 750 3427 Quotam
772 3380 806 3413 sc.
831 3380 893 3420 esse,
924 3363 1007 3427 quelle

71 3445 139 3487 catos
162 3452 194 3486 ou
214 3436 296 3500 plutbt
316 3438 330 3484 a
348 3437 515 3498 placarentur
564 3430 640 3480 iaible
656 3439 711 3496 part
723 3445 737 3478 a
749 3446 782 3478 un
794 3430 848 3478 seul
860 3427 990 3478 soldat..;?
