2346 3922
187 269 227 326 34
285 243 291 253 ’
410 282 909 335 coannnnrnorr1n1sronmnuu

187 411 372 470 habebamus
398 412 589 472 incruentam
615 414 720 472 urbem
745 416 776 474 et
801 432 849 474 res
878 416 944 474 sine
973 415 1127 476 discordia

187 510 406 568 translatasffl:
424 511 581 586 provisum
592 513 755 587 adoptione
770 515 933 574 videbatur
949 518 984 576 ut
998 533 1036 575 ne
1056 518 1128 592 post

188 608 317 668 Galbam
331 608 453 683 quidem
467 610 546 668 bello
561 609 645 668 locus
661 614 751 672 esset.
769 632 783 668 n

229 705 279 765 ao.
299 725 316 760 «
332 705 422 764 niun
436 706 586 781 arrogasse
598 691 1124 782 mihi'nobilitatisautmodestiae13

188 805 383 878 nequeenim
401 805 500 864 relatu
515 806 667 863 virtutum
686 803 718 860 in
735 804 1010 878 comparationem²
1032 806 1125 864 Otho-

189 901 237 958 nis
258 917 333 976 opus
348 904 404 961 est.
432 903 534 972 Vitia,
562 903 672 977 quibus
698 901 771 960 solis
796 900 958 976 gloriatur,
986 907 1126 962 evertere

190 1000 369 1073 imperium,
402 1002 497 1059 etiam
526 1019 594 1059 cnm
622 1000 753 1058 amioum
782 999 977 1074 imperatoris
1005 1003 1123 1076 ageret.

189 1095 345 1155 Habitune
361 1099 392 1155 et
406 1098 526 1156 incessu
538 1115 577 1155 an
590 1096 642 1155 illo
654 1095 796 1154 muliebri
812 1098 922 1153 ornatu
937 1100 1126 1156 mercretur3

188 1194 370 1269 imperium?
381 1196 546 1255 Falluntur
558 1195 667 1270 quibus
678 1194 802 1252 luxuria
817 1195 916 1270 specie
926 1194 1127 1254 liberalitatis

189 1292 339 1367 imponit:
368 1294 494 1368 perdere
517 1294 575 1352 iste
598 1293 690 1362 sciet,
718 1293 831 1350 donare
856 1293 982 1351 nesciet.
1011 1295 1128 1369 Stupra

189 1407 270 1447 nuno
298 1393 329 1448 et
358 1392 590 1468 comissationes
618 1393 650 1449 et
676 1390 860 1449 feminarum
895 1393 991 1449 coetus
1027 1392 1128 1452 volvit

189 1487 291 1545 animo
307 1510 313 1545 ι
331 1489 396 1546 haec
410 1489 602 1565 principatus
616 1490 742 1565 praemia
756 1491 862 1564 putat,
880 1507 1007 1565 quorum
1029 1490 1126 1550 libido

189 1603 225 1643 ac
239 1585 382 1660 voluptas
404 1603 497 1661 pones
516 1587 615 1662 ipsum
636 1587 694 1657 sit,
721 1587 815 1644 rubor
829 1603 865 1645 ac
884 1587 1013 1645 dedecus
1032 1605 1127 1663 penes

191 1699 309 1752 omnes;
337 1700 424 1740 nemo
447 1683 529 1741 enim
543 1701 686 1757 umquam
706 1684 868 1757 imperium
882 1684 1001 1759 flagitio
1017 1687 1126 1759 quaesi-

189 1782 255 1838 tum
271 1780 358 1838 bonis
372 1780 492 1839 artibus
507 1782 654 1841 exercuit.
683 1780 811 1840 Galbam
826 1800 989 1841 consensus
1004 1786 1128 1860 generis

192 1878 334 1947 humani,
365 1896 412 1936 me
442 1879 540 1938 Galba
569 1879 831 1938 consentientibus
859 1880 946 1938 vobis
975 1882 1128 1942 Caesarem

190 1976 281 2037 dixit.
310 1977 344 2036 Si
359 1993 408 2035 res
423 1976 546 2052 publica
565 1979 596 2035 et
618 1979 741 2034 senatus
761 1979 791 2035 et
809 1976 938 2052 populus
953 1996 1052 2037 vacua
1073 1998 1126 2039 no-

190 2074 274 2132 mina
289 2076 375 2143 sunt,
398 2077 517 2142 vestra,
535 2074 772 2143 commilitones,
797 2074 943 2133 interest⁴
969 2093 1008 2134 ne
1031 2077 1127 2154 impe-

188 2175 322 2230 ratorem
344 2171 469 2246 pessimi
492 2170 618 2231 faciant.
650 2172 819 2245 Legionum
844 2173 954 2232 seditio
978 2175 1129 2234 adversus

188 2271 279 2328 duces
294 2285 364 2327 suos
379 2269 485 2327 audita
500 2272 547 2327 est
568 2269 732 2344 aliquando
747 2292 753 2326 ε
778 2273 882 2328 vestra
896 2270 970 2329 fides
984 2271 1129 2348 famaque

189 2366 285 2424 illaesa
300 2367 338 2424 ad
353 2367 433 2425 hunc
449 2367 528 2425 diem
543 2368 666 2428 mansit.
686 2368 725 2425 Et
736 2368 820 2426 Nero
834 2385 953 2444 quoque
963 2386 1019 2428 vos
1032 2371 1127 2431 desti·

187 2465 264 2534 tuit,
282 2482 343 2522 non
362 2482 417 2523 vos
436 2465 600 2526 Neronem.
622 2465 744 2524 Minus⁵
763 2465 894 2541 triginta
912 2460 1082 2543 transfugae
1097 2473 1129 2528 et

189 2563 369 2632 desertores
383 2580 458 2638 quos
473 2564 682 2621 centurionem
696 2565 751 2621 aut
764 2563 922 2622 tribunum
936 2564 997 2623 sibi
1012 2564 1128 2643 eligen-

188 2663 235 2719 tes
264 2678 351 2718 nemo
379 2660 488 2730 ferret,
519 2661 681 2736 imperium
705 2661 925 2736 assignabunt?
940 2662 1130 2724 Admittitis

190 2759 375 2834 exemplum,
407 2763 438 2818 et
466 2759 647 2834 quiescendo
676 2775 834 2816 commune
861 2759 975 2817 crimen
1003 2758 1130 2821 facitis?

224 2910 259 2953 lo.
273 2896 517 2959 Ros-trarmlntae‚
531 2901 634 2966 pouvoir
683 2908 757 2961 5147.
1147 2955 1151 2959 ,

190 2967 320 3026 transfere,
333 2967 631 3033 changementderegne.
715 2976 737 3016 4.
757 2968 861 3017 Interest
890 2983 921 3016 nc
943 2968 1055 3034 exprime
1078 2987 1129 3021 une

224 3042 278 3083 ω.
299 3041 319 3083 1.
337 3034 476 3092 Modestiae,
496 3036 584 3098 purete'
602 3033 634 3082 dc
682 3035 853 3098 consequence
866 3031 941 3097 qn'on
953 3049 967 3083 a
978 3050 1010 3085 en
1022 3050 1079 3095 rue,
1093 3053 1127 3085 un

189 3115 288 3148 moeurs,
682 3097 796 3158 dessein;
816 3098 918 3148 Ciceron
935 3115 966 3148 ne
984 3109 1035 3149 met
1055 3104 1128 3165 apres

222 3173 244 3212 2.
259 3165 371 3213 Pourme
382 3162 631 3228 comparerdOthon.
682 3166 784 3213 interest
800 3179 849 3229 que
861 3171 889 3213 at
901 3179 960 3224 non,
985 3164 1127 3229 exprimant

190 3229 228 3279 Cf.
242 3230 300 3295 Agr.
321 3237 363 3278 102
381 3232 409 3278 in
421 3232 634 3293 recuperationem
683 3227 794 3291 bonjours
814 3228 876 3277 ainsi
895 3245 944 3278 une
964 3227 1054 3295 simple
1071 3247 1127 3283 con-

189 3296 311 3361 rcscrnm.
684 3296 817 3358 sequence.

222 3367 244 3409 3.
258 3361 405 3419 Mercrctnr,
416 3357 633 3408 auruit-ilmeritc?
715 3366 737 3408 5.
756 3360 848 3417 Minna,
867 3357 929 3408 snivi
947 3374 979 3408 ou
998 3376 1049 3410 nou
1064 3361 1127 3410 snivi

190 3426 256 3474 Ponr
269 3426 292 3473 le
304 3441 360 3474 sens
372 3433 396 3473 ct
414 3426 438 3473 la
450 3423 589 3474 traduction
602 3423 633 3472 de
682 3423 714 3471 dc
725 3440 809 3487 quom,
821 3423 933 3473 n'exerce
945 3440 989 3488 pas
998 3425 1129 3476 d'inlluen-

179 3498 222 3536 cet
234 3489 297 3554 imp.
318 3489 353 3538 dn
370 3488 438 3555 subj.
461 3489 523 3540 dans
542 3488 634 3538 l'inter-
682 3503 711 3538 ce
722 3505 765 3538 sur
775 3489 799 3537 la
811 3489 988 3540 construction.
1001 3491 1028 3541 V.
1040 3492 1126 3542 Gantr.

164 3553 288 3618 rogation
316 3555 476 3622 dubitative,
504 3575 527 3610 v.
547 3557 635 3609 Genu.
686 3561 848 3617 laniena.
1137 3592 1169 3651 x]

1121 3766 1167 3881 s
