2346 3922
120 190 182 250 268

349 204 493 247 CORNELII
512 204 613 247 'ulem
633 202 846 247 utsrortlaltum

117 351 245 410 procera
259 329 407 412 pueritia)
421 334 459 394 ad
474 335 613 411 stuprum
627 335 840 395 trahebantur.
872 333 956 393 Hinc
977 333 1059 393 invi·

118 434 184 504 dia,
213 437 244 493 et
265 433 460 511 compositae⁵
486 432 646 491 seditionis
674 433 815 491 auctores
837 432 1001 507 perpulere
1023 434 1059 489 ut

116 532 260 590 dilectum
274 533 454 591 abnuerent.
484 530 593 590 Civilis
607 529 756 605 primores
771 528 874 603 gentis
889 531 921 586 et
936 540 1057 607 promp-

114 631 249 691 tissimos
277 631 381 706 vulgi,
413 629 513 705 specie
543 628 702 704 epularum
734 645 854 686 sacrum
887 628 919 686 in
938 645 1058 699 nemus

115 731 254 799 vocatos,
269 729 321 786 ubi
338 730 425 787 nocte
440 747 476 787 ac
490 728 619 786 laetitia⁶
634 727 798 785 incaluisse
813 725 914 795 videt,
932 744 952 784 a
966 725 1057 784 laude

117 830 276 905 gloriaque
301 829 402 904 gentis
428 843 514 885 orsus
544 823 673 899 injurias
703 827 733 882 et
761 825 870 900 raptus
896 826 928 882 et
954 825 1058 883 cetera

116 928 238 986 servitii
253 928 333 986 mala
352 926 531 984 enumerat:
560 941 657 997 neque
679 923 760 981 enim
782 924 962 982 societatem
970 923 992 992 ⁷,
1021 924 1056 980 ut

117 1026 200 1095 olim,
209 1026 260 1084 sed
272 1028 427 1100 tamquam
438 1021 592 1097 mancipia
604 1022 709 1080 haberi
720 1045 727 1092 ;
738 1023 876 1097 quando⁸
886 1022 1053 1097 legatum⁹,

117 1126 206 1200 gravi
228 1125 349 1200 quidem
370 1122 516 1180 comitatu
539 1122 570 1178 et
591 1121 720 1196 superbo
742 1138 809 1178 cum
831 1121 975 1197 imperio,
1004 1137 1054 1178 ve·

116 1223 202 1281 nire?
225 1223 318 1281 Tradi
340 1240 372 1281 se
396 1221 550 1297 praefectis
571 1219 876 1295 centurionibusque;
905 1236 980 1294 quos
1002 1219 1055 1278 ubi

115 1321 222 1397 spoliis
244 1323 275 1379 et
303 1319 452 1394 sanguine
477 1319 684 1395 expleverint,
715 1318 843 1387 mutari,
871 1317 1055 1393 exquirique

114 1438 208 1479 nouos
234 1421 319 1479 sinus
328 1422 351 1456 1⁰
379 1421 410 1476 et
437 1419 526 1478 varia
554 1419 712 1495 praedandi
740 1416 900 1476 vocabula.
933 1417 1056 1476 Instare

116 1519 275 1588 dilectum,
294 1535 353 1594 quo
372 1518 463 1577 liberi
482 1536 501 1575 a
520 1518 714 1594 parentibus,
732 1517 843 1575 iratres
864 1534 883 1574 a
903 1514 1055 1575 fratribus

116 1614 202 1674 velut
223 1617 427 1691 supremumll
443 1615 632 1674 dividantur.
657 1616 832 1688 Numquam
847 1613 946 1687 magis
961 1611 1054 1683 afflic-

115 1714 179 1769 tam
190 1729 255 1770 rem
266 1714 448 1781 Romanam,
462 1729 517 1770 nec
528 1710 612 1770 aliud
624 1712 657 1769 in
668 1712 806 1770 hibernis
817 1729 907 1786 quam
919 1711 1055 1788 praedam

116 1811 148 1867 et
162 1827 259 1868 senes.
282 1810 471 1869 Attollerent
490 1813 612 1868 tantum
627 1811 729 1869 oculos
745 1813 776 1869 et
795 1810 902 1889 inania
910 1812 934 1849 ¹²
958 1810 1054 1886 legio-

116 1924 188 1964 num
204 1907 328 1965 nomina
342 1923 380 1964 ne
394 1910 604 1983 pavescerent.
634 1909 676 1967 At
695 1909 754 1965 sibi
775 1909 869 1967 robur
877 1910 900 1946 ¹³
915 1909 1054 1984 peditum

114 2004 327 2079 equitumque,
356 2006 598 2081 consanguineos
618 2008 800 2078 Germanae,
829 2008 946 2067 Gallias
972 2009 1055 2068 idem

115 2104 283 2178 cupientes.
307 2105 355 2164 Ne
370 2105 518 2163 Romanis
527 2106 549 2142 ¹⁴
566 2106 687 2180 quidem
703 2107 860 2182 ingratum
876 2107 906 2166 id
920 2107 1051 2177 bellum,

113 2202 200 2278 cujus
209 2204 231 2240 ¹⁵
243 2204 417 2280 ambiguam
428 2202 583 2260 fortunam
593 2203 783 2279 Vespasiano
796 2204 1002 2281 imputaturos
1011 2205 1051 2275 18;

113 2303 253 2360 victoriae
267 2305 418 2362 rationem
434 2321 494 2361 non
509 2302 607 2361 reddi.

147 2437 168 2479 5.
199 2431 353 2493 Composita,
380 2432 510 2480 concertee
533 2439 558 2479 ct
607 2439 632 2480 ct
643 2432 730 2480 ament
742 2445 800 2480 avec
808 2429 844 2480 lui
857 2430 881 2480 la
892 2429 949 2496 plus
958 2429 1054 2495 grande

114 2498 232 2560 arrangce
244 2506 313 2545 entre
325 2513 382 2545 eux.
607 2496 686 2562 partic
700 2495 744 2545 des
755 2496 857 2546 soldats.

146 2568 168 2610 6.
179 2562 253 2610 Nocte
261 2560 555 2626 actaetitiulhendiadys)‚

112 2626 291 2691 rejouissancrs
303 2627 334 2676 dc
347 2629 370 2676 la
382 2626 444 2675 nuit.

146 2700 168 2740 7.
187 2693 331 2742 Societatem
343 2708 376 2742 so.
390 2708 448 2741 esse.

145 2765 167 2806 8.
187 2759 293 2819 Quando
303 2774 360 2808 auec
373 2756 434 2806 l'ini.
446 2766 471 2807 et
483 2756 551 2808 i‘aoc.

112 2822 174 2871 dans
186 2823 210 2871 le
219 2822 331 2872 discours
343 2823 450 2873 indircct
458 2832 495 2872 est
508 2840 556 2874 une

112 2887 230 2953 interrog.
250 2889 356 2938 oratoire
376 2887 418 2953 qui
435 2904 449 2936 a
464 2888 488 2937 lc
500 2905 557 2938 scus

111 2952 186 3003 d'unc
195 2953 319 3018 negationi.
331 2955 358 3002 V.
368 2955 464 3011 (lanta,
475 2960 524 3012 163,
532 2962 554 3003 2.

144 3025 166 3066 9.
187 3021 314 3083 chutum.
337 3018 402 3069 C'est
421 3020 444 3067 le
462 3021 557 3082 topatus

111 3087 263 3143 consectaris,
278 3085 302 3134 le
314 3100 477 3150 gouverncur.

146 3156 180 3198 10.
199 3150 288 3207 Sinus,
304 3153 442 3215 pretonico,
456 3165 557 3215 propre·

112 3224 179 3263 ment
195 3215 292 3277 pectes.

147 3288 181 3354 11.
201 3279 486 3354 Supremum(advcrbc)
501 3279 556 3345 dja·

113 3361 183 3404 mars,
199 3362 263 3410 pour
274 3355 394 3408 toujours.

149 3418 184 3459 12.
202 3412 294 3461 luania
303 3414 416 3469 nomina,
426 3411 555 3461 vainncm.

113 3474 227 3526 Vitellius
236 3477 300 3526 avait
312 3476 415 3545 de'garni
427 3476 463 3527 les
472 3477 558 3528 cedros

641 2585 676 2626 13.
695 2577 783 2627 Robur
794 2594 828 2628 sc.
842 2593 899 2627 esse.

641 2667 676 2709 14.
706 2660 833 2710 Romania.
858 2660 927 2709 Ceus
954 2659 999 2724 qui
1018 2669 1052 2709 tc·

606 2725 691 2776 naient
711 2742 775 2791 pour
788 2724 922 2790 Vespasien
939 2725 1052 2775 auraient

606 2792 670 2841 aime'
688 2791 766 2841 avoir
782 2792 818 2840 ies
835 2791 931 2857 legions
949 2791 982 2841 de
995 2792 1052 2842 Ger·

606 2857 688 2906 menie
706 2867 821 2907 retenues
843 2872 888 2921 par
912 2857 936 2906 ia
957 2857 1050 2908 revelle

605 2923 650 2972 des
666 2923 777 2972 Bataves.

640 3013 675 3055 15.
695 3005 785 3068 Cujus,
800 3020 864 3068 pour
874 3011 896 3053 et
908 3006 971 3067 ejus.
985 3005 1013 3054 V.
1027 3005 1051 3055 la

606 3072 787 3136 1·dgle‚Gantr.
803 3076 851 3128 162,
868 3077 888 3118 l.

640 3159 675 3200 16.
701 3152 887 3214 trepidaturos,
919 3166 977 3200 sous
1010 3167 1051 3200 en·

605 3217 683 3266 tendu
705 3218 812 3266 Batavos
837 3232 908 3265 esse:
935 3215 966 3266 ils
991 3225 1050 3266 met·

606 3291 672 3332 tront
695 3282 719 3331 la
742 3281 841 3332 fortune
860 3282 983 3333 douteusc
1009 3299 1050 3332 sur

606 3349 629 3396 le
647 3357 744 3412 compte
765 3347 796 3397 dc
816 3347 967 3413 Vespasieu,
989 3348 1050 3399 dont

606 3414 631 3462 lc
656 3413 795 3462 licutenant
818 3411 940 3464 Antonius
968 3415 1005 3464 les
1034 3429 1050 3465 a

607 3481 710 3547 pousscs
722 3482 736 3528 d
746 3478 855 3549 prendre
867 3479 903 3533 les
915 3493 1004 3531 armes.
