2346 3922
129 193 190 254 226

129 341 188 402 Sed
203 339 283 400 foeda
297 341 396 400 hieme
417 358 472 418 per
493 340 678 399 transitum²
696 341 853 418 Apennini
872 339 1068 400 conflictatus

128 440 298 498 exercitus:
316 440 346 498 et
360 440 415 497 vix
437 440 559 514 quieto³
584 440 707 513 agmine
732 438 822 514 nives
839 437 1066 497 eluctantibus*

127 539 229 614 patuit
247 541 394 614 quantum
410 538 596 597 discriminis
617 537 789 596 adeundum
803 536 898 606 foret,
922 537 955 594 ni
967 535 1065 596 Vitel-

127 636 202 695 lium
224 639 306 695 retro
328 635 451 694 fortuna
471 637 631 706 vertisset,
658 653 726 711 quae
750 635 912 695 Flavianis
937 635 1066 693 ducibus

128 753 188 793 non
217 736 317 793 minus
346 752 425 810 saepe
454 752 543 809 quam
572 735 672 793 ratio⁵
697 733 806 792 adfuit.
838 734 972 793 Obvium
1000 733 1066 792 illic

128 834 275 892 Petilium
296 832 445 892 Cerialem
470 832 617 902 habuere,
646 833 761 907 agresti
787 833 871 890 cultu
894 835 926 891 et
951 832 1065 890 notitia

126 929 261 989 locorum
286 931 438 989 custodias
453 930 573 991 Vitellii
598 931 764 1006 elapsum⁶.
796 931 976 1007 Propinqua
1001 929 1064 988 affi-

127 1029 208 1088 nitas
238 1030 350 1088 Ceriali
379 1047 447 1087 curn
475 1030 680 1104 Vespasiano,
712 1046 768 1087 nec
798 1028 864 1102 ipse
893 1027 1065 1103 inglorius²

125 1128 255 1197 militiae,
268 1145 362 1202 eoque
374 1109 456 1185 inter
467 1127 557 1184 duces
568 1129 741 1202 assumptus
753 1128 809 1185 est.
822 1125 932 1185 Flavio
944 1143 1065 1200 quoque

126 1226 240 1285 Sabino
261 1245 296 1285 ac
317 1226 511 1285 Domitiano⁸
531 1227 667 1302 patuisse
688 1224 834 1299 effugium
855 1222 945 1282 multi
966 1223 1063 1281 tradi-

126 1325 213 1395 dere;
237 1328 268 1383 et
288 1325 373 1384 missi
394 1325 433 1382 ab
457 1323 592 1383 Antonio
618 1323 720 1381 nuntii
741 1322 914 1397 pervarias
935 1321 1062 1381 fallendi

124 1428 207 1484 artes
222 1425 438 1501 penetrabant,
462 1423 581 1482 loeum⁹
595 1440 630 1480 ao
649 1421 825 1496 praesidium
840 1423 1059 1485 monstrantes.

125 1523 256 1582 Sabinus
272 1523 437 1581 inhabilem
458 1521 556 1580 labori
572 1521 602 1578 et
616 1520 752 1577 audaciae
766 1520 976 1578 valetudinem
991 1539 1061 1582 eau-

125 1622 266 1691 sabatur;
290 1621 465 1680 Domitiano
490 1621 596 1678 aderat
621 1619 783 1688 animus10,
807 1619 859 1678 sed
881 1621 1022 1680 custodes
1042 1640 1062 1681 a

124 1718 250 1778 Vitellio
265 1718 377 1788 additi,
391 1735 574 1793 quamquam
585 1735 616 1776 se
628 1717 725 1776 socios
735 1716 816 1791 fugae
826 1718 1059 1793 promitterent,

123 1813 278 1886 tamquam
294 1813 474 1871 insidiantes
490 1813 689 1873 timebantur.
712 1816 813 1891 Atque
835 1817 900 1892 ipse
915 1817 1061 1877 Vitellius

123 1913 262 1985 respectu
274 1927 397 1969 suarum
410 1911 668 1970 necessitudinum
678 1915 699 1950 ¹¹
716 1914 795 1974 nihil
806 1915 838 1972 in
850 1915 1061 1976 Domitianum

123 2017 213 2075 atrox
233 2017 372 2092 parabat.

357 207 500 252 CORNELII
520 208 621 252 raom
641 208 854 254 HISTORIARUM

163 2145 213 2205 60.
238 2145 336 2203 Duces
357 2144 491 2219 partium
507 2146 542 2203 ut
562 2142 723 2203 Carsulas¹
739 2159 865 2211 venere,
889 2157 1001 2217 paucos
1020 2138 1059 2198 ad

121 2242 257 2316 requiem
273 2241 337 2298 dies
352 2242 490 2311 sumunt,
509 2241 603 2299 donec
617 2241 728 2317 aquilae
742 2241 889 2314 signaque
902 2238 1059 2312 legionum

122 2410 217 2446 comme
234 2393 252 2443 il
268 2394 346 2444 arrive
365 2396 427 2445 dans
447 2397 484 2446 les
507 2412 568 2447 nou-

121 2477 200 2510 veaux
217 2471 399 2526 engagements.

155 2535 176 2576 2.
199 2526 352 2576 Troasitum.
371 2527 479 2576 L'arme'e
494 2525 567 2575 d'An-

120 2592 566 2656 tonius‚partiedellanosurl'Adria-

120 2657 203 2723 tique,
231 2656 319 2706 suivait
344 2658 368 2705 la
397 2657 450 2707 roie
478 2657 566 2707 Flami·

121 2723 212 2774 nienne
225 2726 238 2770 d
251 2731 342 2772 travers
356 2723 498 2787 l’Apennin;

153 2797 174 2839 3.
203 2789 290 2850 Quieto
316 2791 425 2851 cpmtae,
466 2788 565 2838 marehe

120 2869 170 2902 non
183 2853 309 2917 inquietae
321 2869 366 2918 par
378 2852 501 2902 l'ennemi.

151 2929 174 2968 4.
198 2920 243 2968 Via
261 2922 329 2967 aives
345 2922 464 2976 eluctari,
485 2935 511 2968 se
524 2921 565 2969 dt-

120 3000 195 3050 gager
207 3000 264 3033 aveo
277 2984 350 3048 peine
363 2985 407 3033 des
419 2984 512 3050 neiges.
523 2984 562 3035 Cf.

119 3051 279 3116 difficultates
299 3053 433 3102 eluctatus.
450 3052 509 3115 Agr.
527 3060 562 3100 17.

153 3124 174 3165 5.
200 3115 286 3170 Rullo,
312 3116 405 3174 caleni,
431 3116 564 3166 combinari-

120 3197 177 3230 sons
193 3179 365 3245 strategiques.

152 3254 174 3294 6.
194 3245 323 3295 Custodiae
339 3249 459 3308 elapsum.
481 3247 509 3298 V.
524 3264 561 3313 gr.

119 3311 233 3368 delae,
250 3317 284 3359 18.

153 3384 174 3425 7.
194 3377 326 3439 leptorius.
347 3376 368 3424 ll
381 3374 444 3425 avait
456 3379 496 3426 e'te
505 3393 562 3427 sous

120 3442 202 3496 Ne'ron
213 3441 386 3495 commendant
397 3440 472 3494 d'une
480 3443 562 3513 legion

616 2411 647 2444 en
660 2395 794 2460 Bretagne;
808 2393 825 2444 il
838 2393 919 2444 obtint
932 2394 989 2458 plus
1004 2392 1059 2442 tard

616 2461 647 2510 de
658 2461 792 2526 Vespasien
810 2461 833 2509 le
845 2459 1059 2510 commendement

615 2536 700 2576 contre
712 2528 747 2576 les
759 2526 860 2575 Batavos
869 2526 990 2575 souleve's.

648 2600 669 2642 8.
689 2592 728 2641 Fl.
742 2592 858 2649 Sabin-us,
873 2591 937 2640 frere
954 2589 1058 2640 alnedo

614 2657 757 2723 Vespasicm
768 2657 828 2706 etait
836 2656 916 2722 pretet
926 2657 957 2705 de
968 2656 1056 2706 Rome.

614 2725 789 2782 Domitianos,
826 2721 918 2772 second
954 2721 993 2770 fils
1024 2721 1058 2770 de

614 2788 757 2853 Vespasien.

647 2861 668 2902 9.
688 2856 780 2904 Locum
795 2860 818 2902 et
834 2853 995 2915 presidium,
1018 2867 1058 2903 oe-

614 2919 696 2969 casion
704 2919 744 2983 (de
754 2918 906 2983 s'eohapper)
914 2927 938 2966 ct
951 2927 1055 2968 escorte.

648 2993 682 3034 10.
702 2984 913 3042 Aderatcaimas,
927 2982 944 3031 il
954 2982 1057 3033 euarait

614 3051 637 3100 le
651 3050 726 3099 desir.

648 3124 682 3165 11.
701 3117 927 3172 Necessiladr'aum,
956 3113 989 3164 de
1017 3131 1056 3164 ses

614 3191 722 3246 parents.
736 3183 763 3231 V.
778 3197 815 3246 gr.
826 3181 858 3229 de
869 3181 926 3229 Tae.
941 3187 978 3229 82.

645 3255 701 3295 oo.
725 3256 745 3296 1.
765 3247 876 3297 Cartala
900 3243 960 3308 (auj.
989 3244 1056 3295 Casi-

613 3312 718 3378 gliano),
738 3311 795 3361 ville
809 3312 840 3361 de
856 3309 974 3361 l‘Ombric
986 3311 1057 3360 meri-

612 3378 724 3435 dionale,
744 3382 758 3426 a
778 3379 820 3431 dix
841 3376 921 3429 milles
941 3391 973 3426 au
993 3377 1057 3428 nord

612 3444 644 3493 dc
658 3442 758 3499 Narnia,
