2346 3922
160 229 220 290 172
380 243 524 286 coauunn
546 242 646 285 rncnr
665 241 879 285 maronianum

200 375 250 433 98.
274 374 319 433 Ac
340 372 438 448 primo
453 372 595 432 Valerius
611 373 722 431 Festus
743 372 880 448 legatus¹
906 375 1011 434 studia
1032 392 1099 452 pros

159 472 337 530 vineialium
359 488 427 529 cum
449 470 507 529 fide
518 469 618 545 juvit;
644 487 714 527 mox
736 470 879 540 nutabat,
897 472 999 547 palam
1022 476 1100 550 epis-

158 570 232 628 tulis
244 569 412 642 edictisque
424 567 595 634 Vitellium,
610 567 736 625 occultis
752 569 869 628 nuntiis
876 571 1101 646 Vespasianum

158 668 265 725 fovens
286 669 317 724 et
338 668 403 727 haee
425 665 517 724 illave
542 664 736 733 defensuruS,
764 669 855 741 prout
881 668 1098 729 invaluissent.

159 765 347 841 Deprehensi
380 783 447 822 cum
480 763 595 821 litteris
630 763 799 839 edictisque
829 767 1013 842 Vespasiani
1047 786 1102 845 per

158 867 290 927 Raetiam
306 870 337 925 ct
359 867 476 926 Gallias
492 865 624 953 militum
640 868 671 922 et
687 866 899 925 centurionum
922 869 1047 942 quidam
1062 870 1100 928 ad

158 967 318 1026 Vitellium
340 967 426 1024 missi
452 968 615 1032 necantur;
644 964 747 1038 plures
768 965 918 1035 fefellere,
943 967 1002 1025 fide
1024 968 1099 1026 ami·

159 1081 262 1121 corum
277 1065 331 1122 aut
351 1066 468 1121 suomet
490 1064 558 1120 astu
581 1061 737 1119 occultati.
762 1063 811 1120 Ita
830 1063 951 1122 Vitellii
974 1070 1100 1140 paratus

159 1163 371 1230 noscebantur,
390 1159 571 1236 Vespasiani
591 1159 788 1217 consiliorum
809 1161 954 1236 pleraque
976 1163 1108 1238 ignota,

159 1261 291 1336 primum
307 1260 444 1319 socordia
459 1257 595 1328 Vitellii,
621 1258 690 1316 dein
714 1260 900 1317 Pannonicae
914 1261 1008 1336 Alpes
1024 1247 1100 1337 prae-

159 1360 246 1417 sidiis
268 1360 391 1417 insessae
407 1359 530 1416 nuntios
546 1356 732 1415 retinebant.
755 1358 841 1415 Mare
857 1375 976 1432 quoque
991 1360 1107 1419 etesia*

159 1461 246 1516 rum2
260 1457 334 1516 flatu
350 1457 382 1514 in
398 1457 547 1514 orientem
562 1453 781 1529 navigantibus
804 1456 985 1525 seeundum,
1012 1457 1112 1515 iude⁸'

160 1557 321 1614 adversum
340 1557 418 1613 erat.

200 1660 251 1718 99.
276 1656 410 1716 Tandem
433 1656 604 1732 irruptione
626 1655 774 1725 hostium,
796 1655 951 1714 atrocibus
967 1657 1102 1732 undique

160 1756 278 1815 nuntiis
303 1755 471 1814 exterritus
491 1755 641 1814 Caecinam
662 1772 698 1812 ac
713 1755 873 1814 Valentem
894 1756 1035 1830 expediri
1061 1757 1100 1814 ad

160 1855 274 1914 bellum
295 1855 394 1930 jubet.
423 1853 604 1912 Praemissus
624 1853 758 1921 Caecina,
782 1852 942 1911 Valentem
968 1871 985 1911 e
1010 1855 1101 1929 gravi

159 1954 296 2029 corporis
321 1953 425 2010 morbo
451 1955 516 2010 tum
542 1952 674 2026 primum
699 1953 910 2026 assurgentem
935 1951 1101 2010 infirmitas

158 2051 312 2109 tardabat.
337 2050 442 2124 Longe
467 2046 530 2106 alia
544 2047 765 2123 proficiscentis
779 2066 818 2106 ex
833 2048 907 2105 urbe
924 2049 1117 2107 Germanici

159 2149 312 2208 exercitus
333 2148 472 2223 species:
500 2164 560 2204 non
586 2147 676 2221 vigor
701 2147 894 2221 corporibus,
923 2164 983 2204 non
1009 2149 1104 2206 arder

159 2249 285 2317 animis;
303 2249 419 2307 lentum
434 2249 465 2305 et
484 2264 587 2304 rarum
602 2247 739 2319 agmen¹,
757 2246 858 2304 fiuxs²
873 2263 973 2314 arma,
991 2262 1103 2322 segnes

160 2348 247 2420 equi;
274 2345 438 2421 impatiens
464 2344 550 2413 solis,
568 2343 722 2420 pulveriS,
743 2344 976 2419 tempestatum,
1005 2361 1101 2419 quan·-

159 2447 283 2518 tumque
309 2442 400 2500 hebes
425 2441 464 2499 ad
489 2441 700 2499 sustinendum
725 2440 859 2498 laborem
881 2440 983 2508 miles,
1012 2443 1102 2499 tanto

160 2548 197 2605 ad
213 2545 379 2606 discordias
398 2544 597 2619 promptior³.
625 2544 797 2603 Accedebat
817 2545 875 2602 hue
890 2544 1019 2603 Caecinae
1037 2561 1100 2602 am-

160 2646 237 2705 bitio
253 2648 355 2712 vetus,
373 2646 480 2718 torpor
499 2660 619 2711 recens,
641 2643 737 2700 nimia
756 2643 886 2701 fortunae
906 2642 1102 2718 indulgentia

161 2744 253 2803 soluti
274 2745 306 2802 in
322 2743 442 2810 luxum,
472 2743 542 2799 seu⁴
568 2741 727 2817 perfidiam
746 2741 908 2800 meditanti
930 2741 1102 2816 infringere

193 2898 248 2939 ⁰8.
264 2898 283 2939 1.
298 2891 414 2952 Lepdtus,
430 2887 606 2936 commendant
688 2894 710 2936 3.
724 2889 898 2950 Quantumque
910 2886 979 2935 bobes
988 2892 1102 2936 -luuto

161 2957 192 3005 dc
211 2958 233 3005 la
247 2956 327 3022 legion
340 2971 371 3004 en
383 2951 495 3016 Afrique.
654 2980 687 2989 -
693 2956 844 3016 promptior,
853 2954 1102 3016 pourquuauomcpis

194 3025 226 3070 2(
241 3022 328 3070 Eleatae
350 3020 392 3084 (de
414 3020 476 3074 ἔτος,
502 3017 603 3081 annea),
654 3018 764 3067 bebes—
781 3026 850 3067 teuto
861 3045 894 3054 -
905 3018 1056 3080 proneptem.
1069 3017 1101 3068 V.

161 3097 230 3135 vents
242 3087 361 3144 illesione,
375 3085 489 3135 souillant
501 3083 534 3131 du
544 3099 569 3132 n.
579 3098 603 3131 o.
653 3100 692 3148 gr.
708 3083 740 3132 de
752 3083 810 3133 Tac.
829 3090 877 3133 163.
947 3120 950 3124 -

161 3152 257 3217 chaque
269 3154 348 3202 annee
366 3151 476 3215 pendant
492 3157 520 3199 30
535 3147 605 3211 jours
687 3157 709 3197 4.
732 3150 812 3199 Saluti
832 3152 859 3198 in
884 3151 982 3207 luerem,
1002 3164 1046 3198 seu
1067 3174 1103 3187 -·

161 3222 175 3266 d
187 3217 264 3282 pailir
276 3218 309 3266 dn
322 3225 350 3265 20
359 3215 451 3280 juillet.
655 3217 800 3264 laterarias
815 3221 879 3263 erut.
899 3215 933 3263 La
946 3210 1102 3278 proposition

195 3292 216 3333 3.
236 3284 295 3334 lude
309 3299 343 3332 sc.
357 3281 543 3345 usurpantibus.
656 3278 830 3329 subordounee
840 3294 935 3344 parseu
948 3278 1103 3344 correspoud
1124 3325 1127 3329 .

194 3356 249 3396 oo.
264 3357 284 3397 1.
298 3369 308 3392 ι
320 3347 419 3400 biarche
428 3349 496 3396 lente
505 3354 529 3394 el
538 3348 607 3410 epar·
656 3360 687 3393 au
697 3344 785 3410 genitis
792 3347 881 3394 soluti:
891 3343 934 3409 qui
942 3343 1103 3394 s'etaillaissd

161 3413 237 3478 pilleo
253 3435 274 3461 ».
657 3410 773 3459 alleraux
785 3409 926 3459 debuuches
936 3425 968 3458 ou
982 3424 1046 3474 pour
1057 3410 1102 3472 qui

198 3488 220 3528 2.
245 3480 340 3536 Flauo,
366 3495 395 3527 en
417 3475 525 3527 maurais
546 3479 605 3527 clai.
657 3474 737 3524 briser
756 3472 1104 3542 l'euergiedcl‘armeeetuit

163 3546 200 3597 Cf.
215 3544 254 3596 ch.
269 3551 310 3604 22,
325 3554 382 3594 nole
393 3551 413 3592 1.
657 3556 706 3592 une
719 3539 836 3591 habilele.
