2346 3922
189 202 247 261 122
414 214 557 257 courum
578 212 678 256 mc1r1
699 211 910 255 fflsrosmaum
963 206 971 219 ⁸
1029 186 1034 194 ’

185 348 334 406 tationem
349 347 472 415 ducum,
489 346 520 402 et
535 343 661 403 ducibus
681 345 719 402 ob
734 343 856 402 crebras
871 341 1036 402 seditiones
1057 343 1123 402 tam

187 445 329 504 infestam
350 444 511 502 militiam⁴
537 442 782 519 aspernantibus.

227 548 278 606 37.
303 546 430 605 Invenio
444 544 524 620 apud
539 544 683 618 quosdam
697 544 837 601 auctores
851 559 965 618 pavore
979 543 1053 602 belli
1069 545 1121 603 seu

186 645 310 704 fastidio
324 645 485 720 utriusque
499 642 664 719 principis,
679 658 806 717 quorum
816 640 936 714 flagitia
946 659 982 699 ac
993 642 1123 701 dedecus

185 744 339 818 apertiore
354 742 461 800 indies
475 741 556 799 fama
570 741 783 809 noscebantur,
798 739 953 798 dubitasse
968 741 1122 799 exereitus

187 859 258 899 num
268 843 276 876 ¹
288 841 387 917 posito
398 839 564 898 certamine
575 839 625 897 vel
637 838 695 914 ipsi
711 839 743 895 in
755 834 888 898 medinm
898 839 1119 908 consultarent,

187 938 237 996 vel
252 938 371 996 senatui
386 938 600 1013 permitterent
614 937 715 1013 legere
731 938 960 1013 imperatorem,
978 940 1071 1014 atque
1086 956 1121 996 eo

187 1040 276 1098 duces
288 1039 476 1098 Othonianos
491 1040 623 1116 spatium
638 1058 674 1098 ac
688 1057 788 1104 moras
804 1037 949 1106 suasisse,
967 1036 1123 1112 praecipua

187 1156 239 1213 spe
254 1137 393 1206 Paulini,
411 1137 490 1212 quod
501 1137 727 1195 vetustissimus
742 1134 946 1195 consularium
962 1134 993 1192 et
1008 1133 1123 1192 militia
1137 1125 1139 1128 ’

187 1234 287 1293 clarus
302 1233 432 1309 gloriam
446 1233 633 1307 nomenque²
647 1233 855 1292 Britannicis³
875 1233 1122 1309 expeditionibus

186 1331 357 1389 meruisset.
389 1333 453 1407 Ego
478 1334 513 1390 ut
537 1333 754 1392 concesserim⁴
784 1333 864 1410 apud
888 1349 1000 1409 paucos
1025 1333 1121 1391 tacito

186 1431 258 1487 voto
287 1430 420 1504 quietem
448 1448 503 1506 pro
532 1431 697 1500 discordia,
728 1431 840 1491 bonum
868 1433 899 1490 et
928 1431 1122 1490 innocentem

186 1527 355 1602 prinoipem
376 1544 431 1604 pro
446 1526 585 1604 pessimis
609 1545 645 1586 ac
664 1528 915 1603 flagitiosissimis
934 1528 1118 1603 expetitum,

187 1627 232 1684 ita
260 1644 356 1702 neque
385 1627 566 1696 Paulinum,
597 1644 658 1702 qua
685 1627 849 1703 prudentia
876 1627 952 1697 fuit,
983 1644 1122 1703 sperasse

186 1725 416 1801 corruptissimo
431 1724 540 1783 saeculo
558 1726 676 1782 tantam
691 1723 777 1798 vulgi
798 1724 1037 1784 moderationem
1051 1741 1123 1782 reor

187 1823 238 1891 ut,
261 1823 313 1897 qui
334 1841 438 1900 pacem
458 1821 531 1879 belli
552 1838 654 1879 amore
668 1822 886 1891 turbaverant,
909 1821 1023 1880 bellum
1037 1823 1122 1898 pacis

187 1921 316 1980 caritate
332 1923 532 2000 deponerent;
550 1944 647 2000 neque
662 1929 716 1985 aut
731 1928 884 1986 exercitus
899 1927 1014 2004 linguis
1028 1929 1121 1987 mori·

187 2017 302 2094 busque
330 2021 466 2081 dissonos
497 2025 529 2082 in
551 2025 632 2083 hunc
654 2043 832 2085 consensum
853 2027 987 2103 potuisse
1009 2027 1122 2086 coales-

187 2134 270 2186 cere,
298 2121 351 2178 aut
372 2119 489 2196 legatos
511 2140 546 2181 ac
568 2123 672 2194 duces,
700 2141 812 2200 magna
835 2144 874 2184 ex
898 2129 986 2201 parte
1010 2126 1119 2194 luxus,

187 2219 347 2293 egestatis,
376 2221 523 2280 scelerum
548 2223 607 2281 sibi
632 2225 782 2292 conscios,
810 2224 870 2285 nisi
895 2225 1045 2301 pollutum
1070 2227 1121 2284 ob-

187 2317 387 2392 strictumque
401 2320 520 2379 meritis
535 2321 598 2379 suis
617 2323 786 2400 principem
800 2340 953 2400 passuros.

228 2424 278 2482 38.
295 2425 391 2484 Vetus
406 2443 441 2484 ac
451 2425 517 2500 jam
527 2428 644 2503 pridem
657 2430 768 2489 insital
780 2430 960 2489 mortalibus
974 2430 1123 2506 potentiae

187 2522 296 2598 cupido
318 2541 385 2581 cum
407 2523 527 2600 imperii
550 2527 760 2601 magnitudine
788 2527 922 2586 adolevit
947 2527 1121 2603 erupitqne.

187 2620 268 2678 Nam
282 2621 372 2680 rebus
387 2623 513 2682 modicis
528 2625 686 2698 aequalitas
699 2624 789 2683 facile
805 2624 987 2693 habebatur;
1005 2623 1056 2682 sed
1068 2624 1122 2682 ubi

177 2712 312 2778 'subacto
347 2720 420 2779 orbe
455 2722 485 2780 et
520 2721 637 2780 aemulis
664 2723 791 2782 urbibus
818 2716 992 2799 regibusve
1010 2723 1123 2782 excisis

219 2873 242 2915 4.
261 2866 382 2930 infestam
393 2867 521 2925 militiam,
536 2866 628 2918 service
711 2877 733 2919 3.
754 2870 913 2920 Gouverneur
932 2884 963 2918 cn
983 2867 1120 2934 Bretagne,

187 2930 330 2997 dangcreux
351 2929 427 2996 (l'adj.
441 2942 479 2982 cst
495 2931 546 2998 pris
567 2933 628 2982 dans
678 2933 796 2984 Paulinus
814 2933 893 2984 s'dtait
904 2932 1029 2999 distingue
1042 2949 1073 2982 en
1085 2937 1123 2984 re-

186 2997 210 3046 le
222 3014 279 3047 sens
290 2997 385 3063 passis).
678 2999 786 3065 primam
795 3017 828 3048 nn
840 3000 1008 3050 soulevemcnt
1020 3001 1121 3064 general

678 3065 721 3114 des
734 3066 846 3116 bretons.
861 3064 899 3143 Gt.
913 3063 973 3139 rign
983 3072 996 3114 5
1008 3073 1032 3114 et
1046 3072 1085 3141 ¹⁶:

186 3179 243 3213 sens
255 3165 286 3213 de
298 3167 424 3227 stae-pus.
438 3165 465 3214 V.
480 3181 516 3230 gr.
528 3165 560 3214 de
569 3165 627 3214 Tac.
710 3129 1120 3246 &gfnffeaemfuffo'pmgssggl

188 3236 238 3279 136·
678 3236 821 3327 expression
834 3260 1008 3326 ple'onastique
1015 3259 1049 3309 du
1059 3234 1123 3326 style

218 3335 240 3377 2.
271 3327 384 3378 Gloriam
413 3344 548 3393 corneoque
585 3328 629 3393 (nn
679 3326 792 3378 oratoire.
806 3329 833 3378 V.
848 3326 964 3393 gndeT.
980 3333 1072 3384 173,et
1086 3326 1120 3377 ci.

186 3392 336 3458 hendiadys,
358 3410 380 3443 v.
396 3410 432 3460 gr.
450 3393 546 3448 deToc.
562 3394 627 3459 177):
678 3394 737 3458 Agr.
753 3401 794 3442 14:
814 3402 894 3445 cetere
910 3396 1003 3457 cojano
1019 3395 1123 3456 pridem

186 3475 244 3510 nom
259 3458 381 3528 glorieux.
677 3466 786 3525 recepte.
918 3483 922 3489 ’

221 3106 275 3147 Μ.
295 3099 396 3148 1.Nam
411 3108 448 3148 est
463 3098 513 3165 pris
526 3098 587 3148 dans
605 3099 629 3148 le
