2346 3922
346 263 436 306 crena
457 263 478 305 1.
502 262 569 306 car.
593 244 726 305 32-34.
801 238 804 245 ’
962 245 1002 302 37

59 391 175 450 Vinius
194 393 379 452 manendum
397 394 481 453 intra
499 396 635 464 domum,
656 391 835 468 opponenda
855 390 1000 459 servitia,

60 488 227 549 firmandos
248 492 366 562 edituo,
397 511 458 551 non
483 494 614 551 eundum
642 493 681 550 ad
710 492 806 549 iratos
835 489 999 548 censebat:

61 587 149 646 daret
167 588 317 647 malorum
335 591 536 665 paenitentiae,
559 591 646 648 daret
665 589 813 647 bonorum
838 588 1000 646 consensui

61 687 210 762 spatium;
237 687 352 746 seelera
373 689 504 763 impetu,
531 690 611 747 bona
636 687 764 746 consilia
791 705 877 745 moro
902 685 999 744 voles·

60 803 138 846 cere.
167 787 304 862 Denique
319 788 411 845 eundi
425 787 506 846 ultro
514 789 537 857 ⁵,
555 787 581 846 si
597 787 677 846 ratio
693 787 763 855 siti,
786 787 912 845 eandem
927 802 999 842 mox

61 884 253 954 facultatem,
270 901 453 967 regressum,
467 886 493 944 si
504 885 661 960 paeniteat,
679 885 711 942 in
723 884 824 942 aliena
835 885 997 958 potestate.

103 1000 154 1059 33.
179 1000 399 1058 Festinandum
419 1001 530 1058 ceteris
548 1000 721 1068 videbatur,
739 1001 903 1073 antequam
922 1014 1000 1055 cres-

61 1100 144 1156 ceret
165 1098 303 1156 invalida
317 1099 415 1156 adhuc
436 1096 608 1172 conjuratio
622 1115 810 1173 paucorum:
830 1097 998 1171 trepidatu-

61 1214 131 1254 rum
146 1197 240 1256 etiam
252 1197 416 1265 Othonem,
430 1196 483 1271 qui
497 1195 605 1254 furtim
620 1196 790 1269 digressum
804 1196 842 1253 ad
858 1195 1001 1269 ignar0s¹

62 1293 185 1363 illatus,
205 1294 398 1353 cunctatione
424 1311 504 1351 nune
528 1297 559 1352 et
584 1293 718 1366 segnitia
737 1292 904 1350 terentium
925 1294 1000 1349 tem-

62 1396 139 1467 pus²
160 1393 278 1452 imitari
298 1394 466 1469 principem
481 1391 589 1453 discat.
618 1392 689 1450 Non
710 1391 947 1466 exspectandum
968 1393 1003 1448 ut

61 1491 241 1565 compositis
275 1491 403 1549 castris³
430 1488 529 1547 forum
565 1489 692 1548 invadat
725 1493 756 1548 et
787 1491 1002 1566 prospectante

62 1589 162 1649 Galba
190 1589 375 1665 Capitolium
403 1588 509 1655 adeat,
539 1588 629 1646 dum⁴
663 1590 806 1663 egregius
835 1590 1003 1664 imperator

61 1706 131 1746 cum
151 1680 283 1746 fortibus
308 1688 415 1745 amicis
435 1685 533 1762 janua
558 1704 593 1745 ao
618 1687 725 1745 limine
749 1689 857 1745 tenus⁵
880 1688 1002 1745 domum

62 1786 175 1854 cludit,
196 1785 384 1843 obsidionem
403 1785 567 1843 nimirum⁶
585 1786 783 1846 toleraturus.
816 1787 856 1844 Et
877 1785 1001 1860 praecla-

60 1901 131 1941 rum
150 1883 295 1942 inservis
316 1883 481 1951 auxilium,
506 1882 532 1939 si
556 1900 721 1941 consensus
745 1887 841 1941 tantae
862 1882 1002 1941 multitu-

63 1982 146 2040 dinis
160 1984 205 2051 et,
228 1999 296 2057 quae
310 1981 474 2056 plurimum
489 1980 586 2050 valet,
610 1982 710 2056 prima
731 1982 903 2055 indignatio
919 1982 1000 2039 elan-

64 2082 199 2156 guescat.
228 2080 361 2138 Perinde
382 2079 484 2138 intuta
503 2097 570 2155 quae
585 2080 743 2148 indecora;
759 2080 809 2137 vel
829 2080 874 2138 si⁷
895 2079 1004 2137 cadere

43 2183 185 2234 'necesse
206 2175 262 2246 sit,
284 2179 502 2236 occurrendum
523 2178 717 2237 discrimini:
742 2179 773 2236 id
789 2178 903 2237 Othoni
924 2178 1003 2235 invi-

62 2274 176 2335 diosius
190 2279 221 2334 et
236 2276 312 2351 ipsis
326 2278 496 2338 honestum.
525 2279 761 2352 Repugnantcm
782 2276 853 2333 huic
877 2278 1001 2334 senten-

59 2373 114 2430 tiae
127 2373 254 2432 Vinium
268 2375 350 2432 Laco
368 2375 531 2434 minaciter
544 2376 675 2444 invasit,
700 2375 896 2433 stimulante8
919 2373 1000 2432 Icelo

59 2472 178 2546 privati
196 2471 259 2530 odii
277 2461 447 2547 pertinacia
466 2475 498 2531 in
518 2474 675 2549 publicum
693 2473 833 2533 exitium.

105 2573 155 2634 34.
176 2573 252 2631 Nec
273 2573 389 2632 diutius
415 2574 513 2634 Galba
538 2578 699 2633 cunctatus
725 2572 910 2649 speciosiora
936 2588 1003 2629 sua·

95 2724 119 2765 5.
138 2717 224 2766 Eundi
235 2720 317 2776 ultro,
331 2721 424 2783 oppose'
440 2722 454 2768 d
470 2735 508 2768 re·
589 2726 612 2768 d.
632 2717 818 2767 Dum-cludit.
831 2715 1001 2779 Pourleprds.

58 2797 183 2845 pressum,
209 2782 252 2848 qui
264 2783 333 2832 suit:
356 2783 442 2834 d'aller
462 2784 508 2834 soi-

61 2851 157 2906 meme,
182 2847 213 2897 de
234 2849 340 2913 prendre
362 2848 505 2901 l'odensive.

61 2913 91 2962 V.
106 2915 174 2962 ultro
185 2929 217 2962 au
228 2914 269 2964 ch.
280 2922 302 2973 7,
316 2923 374 2964 note
385 2922 407 2964 7.

96 2983 119 3024 6.
140 2976 183 3028 s'il
200 2995 239 3044 γε
252 2980 295 3028 des
308 2979 411 3029 raisons.

99 3049 153 3092 88.
174 3051 194 3093 1.
214 3045 286 3094 Porte
314 3060 345 3093 au
367 3044 453 3094 milieu
476 3045 508 3093 de

62 3106 157 3158 soldats
170 3108 213 3174 qui
225 3125 256 3159 ne
268 3108 376 3159 saucient
386 3109 448 3168 rien,
464 3109 507 3173 qui

63 3170 182 3224 n'etuient
198 3190 241 3240 pas
259 3175 320 3224 dans
339 3176 362 3224 le
377 3184 456 3224 secret
473 3175 508 3223 du

63 3241 182 3305 complet.

98 3313 120 3356 2.
140 3306 217 3356 Grlce
234 3307 248 3355 d
264 3303 390 3355 l'inaction
403 3304 464 3354 daus
475 3304 509 3354 la-

64 3371 149 3438 quelle
160 3387 192 3419 on
204 3371 301 3436 perduit
313 3386 358 3420 son
370 3379 457 3434 temps.

98 3445 121 3487 3.
140 3437 204 3486 Tout
215 3439 283 3485 etant
294 3439 398 3501 arrange
411 3437 472 3485 dans
485 3436 509 3485 le

64 3517 139 3568 camp
152 3501 194 3552 des
206 3501 352 3568 preteriens.

557 2785 588 2834 de
600 2783 681 2842 l’ind.,
696 2799 718 2832 v.
732 2798 768 2847 gr.
782 2782 814 2830 de
826 2781 854 2831 T.
868 2788 906 2829 75.

590 2881 612 2923 5.
631 2874 666 2921 Ne
684 2872 816 2937 depassaut
834 2885 878 2935 pas
897 2869 921 2918 le
940 2869 1002 2918 seuil

557 2938 588 2987 de
600 2939 624 2987 la
638 2947 717 3002 porte,
1060 2943 1064 2949 '

590 3026 612 3067 6.
631 3019 759 3070 Nimirum
772 3019 928 3066 toleraturus
939 3016 1004 3079 (suns

557 3084 647 3142 doute,
661 3083 825 3132 evidemment
834 3083 895 3131 dans
907 3081 1004 3131 l'inten-

557 3149 609 3199 tion
621 3150 653 3198 de
665 3147 775 3197 soutenir
783 3164 816 3196 un
830 3147 905 3212 siege)
920 3156 957 3194 est
966 3145 1003 3194 dit

557 3215 619 3263 dans
640 3231 673 3262 un
690 3227 746 3262 sens
763 3212 891 3277 ironique,
909 3225 1004 3260 comme

558 3282 680 3343 euprepius,
692 3278 800 3342 sortibus
820 3280 906 3328 amicis
916 3312 922 3336 ,
934 3291 1002 3339 prce·

558 3348 657 3394 olorum
675 3345 810 3392 comitium.

590 3418 612 3459 7.
636 3409 870 3459 l'eloi=ettumsi.

593 3483 615 3524 8.
635 3475 784 3525 stimulante
798 3489 832 3523 sc.
855 3473 985 3522 Laconem.

893 3599 907 3641 3
