2346 3922
940 303 999 363 159

57 437 163 511 prima
184 442 326 502 contione
341 447 400 505 nisi
416 449 550 507 modice⁵
570 449 759 517 ostenderat,
785 467 822 506 ne
836 451 998 525 Vespasia-

59 551 119 594 nus
135 539 256 612 quidem
271 541 339 617 plus
351 546 437 604 cirili
452 548 531 606 bello
547 547 659 606 obtulit
670 565 759 623 quam
775 548 830 606 alii
846 550 877 606 in
893 551 996 623 pace⁶‚

54 637 186 725 egregie
200 639 306 699 firmus
326 644 473 703 adversus
495 646 662 704 militarem
686 646 883 721 largitionem
905 665 1000 721 eoque

59 736 200 795 exercitu
225 739 380 802 meliore⁷.
409 745 498 803 Missi
523 745 561 802 ad
587 745 737 804 Parthum
761 745 1000 819 Armeniumque

58 830 175 906 legati,
196 838 412 914 provisumque
433 857 474 899 'ne
489 844 587 901 versis
609 845 647 902 ad
662 844 754 901 civile
772 843 885 901 bellum
907 844 999 919 legio-

59 933 153 991 nibus
178 938 266 1012 terga
291 941 490 1002 nudarentur.
519 943 623 1002 Titum
644 945 760 1002 instare
780 944 908 1012 Judaeae‚
926 946 999 1003 Ves-

58 1031 223 1105 pasianum
238 1036 376 1097 obtinere
391 1040 543 1099 claustra⁸
557 1041 691 1116 AEgypti
707 1042 839 1116 placuit;
864 1041 1000 1099 sufficere

58 1129 248 1190 videbantur
267 1136 414 1196 adversus
435 1138 595 1197 Vitellium
621 1157 692 1214 pars
707 1140 864 1213 copiarum
886 1142 918 1197 et
938 1140 1000 1198 dux

60 1227 226 1289 Mucianus
241 1236 272 1291 ct
286 1235 468 1310 Vespasiani
491 1254 599 1294 nomen
611 1255 647 1294 ac
659 1237 736 1295 nihil
751 1238 898 1295 arduum⁹
913 1237 997 1296 fatis.

59 1326 110 1383 Ad
122 1341 228 1388 vomnes
242 1334 396 1392 exereitus
417 1334 594 1410 legatosque
616 1335 738 1410 scriptae
759 1336 899 1410 epistulae
924 1354 998 1412 pree-

59 1427 242 1502 ceptumque
254 1433 288 1488 ut
299 1434 498 1505 praetorianos
509 1433 636 1492 Vitellio
649 1435 784 1493 infensos
795 1435 1001 1509 reciperandae

59 1520 184 1580 militiae
192 1525 215 1560 ¹⁰
234 1529 359 1600 praemio
378 1529 560 1590 invitarent.

328 315 419 360 ursan
439 297 472 360 11ss
497 317 562 361 car.
587 301 719 362 81-83.

104 1633 156 1691 83.
181 1637 341 1697 Mucianus
367 1658 434 1698 cum
456 1641 600 1716 expedita
624 1659 732 1710 manu,
760 1643 874 1700 socium
900 1643 1000 1715 magis

62 1729 186 1804 imperii
201 1750 291 1807 quam
306 1737 479 1796 ministrum
501 1755 610 1814 agens,
635 1757 695 1797 non
715 1739 798 1797 lento
818 1741 944 1807 itinere,
963 1759 1000 1797 ne

47 1831 203 1888 ‘cunctari
221 1833 388 1903 videretur,
414 1855 510 1911 neque
531 1840 633 1895 tamen
659 1855 842 1912 properans,
871 1838 1000 1912 gliscere

60 1925 175 1986 famam
189 1930 255 2005 ipso
269 1933 386 2006 spatio¹
409 1934 546 2002 sinebat,
564 1951 678 2009 gnarus
693 1935 827 1993 modicas
842 1937 925 1993 vires
941 1936 1000 1992 sibi

44 2027 96 2082 'et
110 2026 225 2101 majora
240 2031 321 2088 credi
337 2031 373 2088 de
388 2033 580 2100 absentibus;
605 2032 656 2089 sed
678 2031 759 2106 legio
782 2036 869 2090 sexta
885 2040 916 2091 et
937 2037 998 2090 tre-

47 2122 161 2180 ·de'cim
175 2125 406 2186 vexillariorum
419 2129 536 2186 millia²
558 2128 677 2203 ingenti
692 2130 814 2203 agmine
834 2131 999 2203 sequeban-

47 2214 126 2280 tur.
143 2221 276 2281 Classem
291 2242 307 2282 e
323 2226 422 2283 Ponto
437 2226 620 2301 Byzantium
635 2226 719 2300 adigi
730 2225 883 2299 jusserat,
905 2225 999 2282 ambi·

43 2315 142 2396 “gnus
159 2306 279 2380 consilii
297 2324 385 2380 num³
401 2324 513 2382 omissa
524 2323 651 2381 Moesia⁴
664 2323 886 2398 Dyrrachium⁵
898 2323 1000 2398 pedite

44 2421 156 2492 ‘atque
171 2419 288 2493 equite,
307 2421 397 2479 simul
417 2422 518 2498 longis
534 2421 665 2480 navibus
681 2439 803 2479 versum
824 2423 855 2480 in
879 2421 1001 2480 ltaliam

97 2571 120 2613 5.
140 2565 245 2622 Modico,
258 2580 315 2614 arec
328 2568 433 2616 re'serre.

557 2575 688 2630 marquart
706 2566 730 2614 le
748 2566 808 2615 but:
831 2581 937 2631 engager
957 2582 1002 2630 par

43 2628 66 2687 ’ζ’
97 2635 120 2678 6.
139 2629 190 2678 Atii
201 2632 229 2678 in
238 2646 308 2692 poce.
327 2632 422 2690 Neron,
436 2635 449 2680 d
462 2648 506 2681 son

557 2632 601 2680 des
624 2634 797 2698 recompenses
823 2635 837 2679 d
866 2631 1001 2697 reprendre

62 2697 222 2752 anement,
237 2695 299 2744 avait
311 2697 402 2760 promis
413 2714 445 2745 un
458 2697 507 2745 don

63 2759 192 2818 militane,
202 2759 353 2827 al'exemple
362 2763 393 2810 de
402 2762 506 2819 Claude,

44 2825 110 2890 ‘qui
122 2826 185 2874 avait
201 2825 245 2874 fait
261 2831 360 2891 caperer
378 2830 391 2876 d
412 2828 508 2892 chaque

61 2890 146 2941 soldat
158 2899 239 2948 15‚000
251 2901 368 2941 sesterces
380 2894 445 2957 (3150
456 2892 506 2950 ha).

98 2964 120 3006 7.
140 2957 260 3006 Exercitus
275 2961 389 3015 meliore,
409 2963 422 3007 a
439 2956 507 3007 l'abl.

44 3044 51 3049 ·
64 3022 98 3072 de
110 3022 133 3071 la
145 3022 251 3086 qualite,
269 3022 301 3072 lie
314 3039 358 3088 par
369 3040 414 3086 que
426 3027 440 3072 a
452 3022 510 3072 l'ad·

44 3109 51 3119 ⁷
60 3087 137 3151 jectis
146 3087 246 3152 firmus.

99 3160 122 3201 8.
152 3154 278 3203 Claustra.
312 3154 359 3202 Cos
387 3153 509 3203 harrieres

64 3217 160 3268 e'laicnt
172 3219 261 3267 Peluse
273 3229 297 3268 et
309 3218 467 3268 Alexandria.

99 3290 122 3332 9.
141 3284 210 3334 Nihil
222 3287 334 3333 arduum
344 3294 380 3333 est
388 3299 477 3333 encore
487 3284 510 3331 le

64 3347 131 3413 sujet
140 3348 171 3399 de
181 3351 340 3399 videbuntur.
354 3351 418 3398 Areo
431 3348 510 3397 moins

39 3412 99 3475 „de
113 3414 253 3472 concisior,
273 3414 300 3463 T.
315 3414 395 3463 aurait
411 3431 444 3478 pu
457 3413 511 3462 dire

52 3480 97 3530 ‘ac
105 3483 170 3544 quod
176 3483 240 3529 nihil
246 3483 358 3529 arduum
368 3488 426 3528 essct
438 3480 508 3543 [ctio.

101 3553 136 3596 10.
151 3547 327 3612 Reciperaudae
336 3547 440 3605 militiae,
449 3544 514 3595 datii

558 2695 659 2746 service.

582 2767 646 2810 ¹0⁸.
666 2770 686 2810 l.
706 2761 811 2811 Glisccre
832 2764 884 2823 ipso
903 2763 999 2822 spatio,

558 2829 647 2876 croitre
660 2843 705 2890 par
716 2827 897 2891 l'eloigncment
912 2829 999 2874 meme.

592 2899 613 2940 2.
641 2893 889 2949 Tredecim-millio,
919 2897 1000 2949 13‚000

559 2956 668 3006 hommes
701 2957 744 3005 des
778 2965 860 3004 autres
890 2954 999 3019 legions,

558 3022 654 3087 chaque
666 3021 838 3070 detachement
850 3021 956 3069 formant
966 3037 999 3070 un

559 3090 686 3136 vacillum.
704 3088 732 3134 V.
746 3087 770 3143 l,
784 3094 824 3143 31,
843 3094 900 3135 note
911 3093 934 3133 9.

592 3160 614 3200 3.
634 3153 700 3202 Num
712 3168 726 3199 a
737 3151 769 3200 ici
781 3152 804 3199 le
817 3167 873 3200 sens
882 3151 914 3199 de
923 3153 999 3200 si-nc-

559 3233 614 3280 pus.
637 3218 664 3266 V.
679 3233 715 3281 gr.
732 3216 832 3264 del’ac.
848 3223 897 3265 136.
939 3221 943 3229 '

592 3291 614 3331 4.
634 3284 725 3331 Mucia.
744 3283 772 3329 v.
787 3280 810 3338 l,
825 3289 860 3339 ro,
875 3289 933 3328 note
947 3289 966 3329 1.

593 3356 615 3398 5.
627 3348 797 3410 Dyrrachium
804 3345 864 3410 (auj.
875 3345 1001 3405 llumzzo),

560 3413 618 3462 ville
630 3413 661 3460 de
673 3411 772 3477 l'lllyrie
785 3428 827 3460 sur
836 3413 871 3460 les
884 3411 959 3460 bords
972 3409 1003 3458 de

560 3475 737 3541 Plurimique,
751 3476 855 3526 ris-a-vis
872 3476 903 3525 de
921 3477 1004 3526 Brun·

561 3545 655 3594 dicium
667 3541 797 3608 (Brindcs).
