2346 3922
169 232 209 293 98
379 223 524 297 nonnam
544 250 644 297 rncrrr
665 249 878 296 msronnanm

167 369 302 451 territae,
333 381 419 441 velut
443 382 526 443 Nero
551 382 749 453 adventaret,
787 378 876 440 vario
901 393 994 454 super
1019 376 1106 443 exitu

167 475 233 551 ejus
250 493 372 536 rumore
392 496 487 554 eoque
511 479 669 555 pluribus³
689 479 796 538 vivere
822 494 891 536 eum
915 474 1107 551 fingentibus

167 573 429 651 credentibusque.
461 577 656 638 Ceterorum⁴
677 594 765 637 casus
780 578 967 651 conatusque
986 574 1019 633 in
1035 591 1106 633 con·

166 674 254 731 textu
281 675 400 748 operis⁶
419 675 553 734 dicemus
568 699 574 736 :
591 679 665 736 tunc
680 693 788 736 servus
809 694 825 734 e
846 675 948 734 Ponto
966 673 1047 742 sive,
1070 675 1107 730 ut

167 768 221 828 alii
236 770 405 842 tradidere,
427 773 591 833 libertinus
611 792 649 833 ex
671 774 778 843 Italia,
800 774 929 832 citharae
946 775 977 830 at
995 772 1106 835 cantus

167 869 299 944 peritus,
316 873 396 930 unde
417 872 464 931 illi
483 855 575 950 super
589 871 822 930 similitudinem
842 870 905 929 oris
925 869 1052 952 propior
1066 867 1106 929 ad

168 965 332 1026 fallendum
361 968 450 1040 fide's,
482 970 634 1048 adjunctis
663 968 870 1027 desertoribus
899 983 974 1043 quos
999 964 1106 1039 inopia

167 1080 263 1138 vagos
278 1065 455 1141 ingentibus
475 1068 635 1143 promissis
650 1069 845 1142 corruperat,
866 1082 952 1124 mare
970 1063 1104 1138 ingredi-

168 1170 233 1247 tur;
260 1186 296 1228 ac
315 1170 348 1227 vi
373 1169 590 1242 tempestatum
608 1165 780 1241 Cythnum⁶
805 1163 937 1223 insulam
962 1164 1105 1222 detrusus

168 1268 199 1324 et
213 1266 345 1325 militum
357 1266 501 1342 quosdam
513 1283 551 1323 ex
564 1264 689 1324 Oriente
704 1262 957 1321 commeantium⁷
972 1260 1106 1321 adscivit

167 1363 216 1422 vel
242 1364 410 1423 abnuentes
435 1362 568 1421 interfici
588 1360 700 1436 jussit,
722 1362 753 1419 et
774 1359 914 1436 spoliatis
933 1358 1103 1432 negotiato-

166 1463 252 1521 ribus
277 1461 498 1536 mancipiorum
518 1460 764 1518 valentissimum
783 1475 931 1535 quemque
955 1457 1101 1516 armavit.

167 1539 442 1635 Centuriimemque
469 1560 646 1627 Sisennam,
673 1557 827 1626 dextras⁸‚
859 1555 1029 1615 concordiae
1057 1554 1102 1615 iu-

167 1657 283 1732 signia,
299 1657 420 1732 Syriaci
435 1656 588 1715 exercitus
599 1654 721 1713 nomine
736 1655 775 1713 ad
789 1654 991 1730 praetorianos
1006 1653 1102 1712 feren-

165 1755 241 1823 tem,
278 1753 377 1811 variis
405 1753 527 1811 artibus
560 1767 724 1826 aggressus
753 1753 815 1821 est,
846 1750 942 1808 donec
971 1750 1103 1810 Sisenna

167 1850 244 1908 clam
259 1851 369 1910 relicta
383 1850 484 1909 insula
497 1851 637 1927 trepidus
652 1854 684 1910 et
697 1850 762 1910 vim
776 1853 915 1909 metuens
929 1849 1100 1924 aufugeret.

167 1948 241 2005 Inde
268 1947 331 2006 late
359 1949 477 2018 terror;
508 1947 598 2006 multi
629 1949 687 2006 adi
719 1947 929 2006 celebritatem
968 1947 1104 2006 nominis

166 2045 261 2103 erecti
285 2061 388 2104 rerum
413 2062 562 2104 novarum
586 2045 729 2121 cupidine
748 2048 779 2104 et
802 2044 872 2103 odio
890 2045 1120 2121 praesentium.'

167 2141 352 2202 Gliscentem
373 2142 404 2200 in
430 2142 495 2201 dics
512 2141 625 2201 famam
643 2141 706 2201 fors
720 2142 874 2202 discussit.

207 2272 237 2331 9.
262 2272 416 2332 Galatiam
437 2272 722 2349 ac'Pamphyliam1
743 2272 919 2348 provincias
934 2271 1102 2348 Calpurnio

166 2370 331 2446 Asprenati
351 2371 498 2445 regendas
519 2370 617 2430 Galba
635 2371 828 2446 permiserat.
856 2371 943 2429 Datae
963 2388 980 2428 a
1004 2369 1104 2428 classe

168 2467 355 2528 Misenensi2
373 2468 440 2526 duae
454 2467 596 2527 triremes
610 2467 648 2526 ad
662 2465 935 2544 prosequendum⁸‚
952 2484 1019 2526 cum
1035 2467 1101 2542 qui·

201 2634 224 2677 3.
243 2625 592 2690 Plurtbua=compluribua
691 2631 713 2674 9.
733 2625 783 2683 Ad,
800 2640 844 2690 par
864 2633 966 2690 rapport
983 2626 1011 2683 d,
1024 2642 1048 2676 v.
1062 2643 1099 2693 gr.

200 2700 223 2741 4.
243 2692 453 2750 Ceterorum,des
460 2700 542 2741 autres
552 2691 611 2741 faux
658 2690 689 2740 de
698 2691 726 2738 T.
742 2696 791 2740 138.
812 2689 863 2740 lci:
881 2693 980 2740 acause
992 2691 1033 2740 dc.

168 2758 270 2807 Neroua.
285 2757 368 2822 {ipen
376 2765 458 2806 eutun
466 2773 523 2806 sous
530 2756 608 2815 Titus,
690 2763 723 2804 ο.
743 2763 765 2804 1.
784 2756 819 2804 La
830 2755 973 2821 Pamphylio
990 2755 1102 2805 touchait

168 2832 286 2872 unautre
298 2836 355 2870 sous
367 2820 499 2871 Domitian.
657 2835 689 2870 au
702 2820 748 2869 sud
769 2821 823 2869 ala
840 2836 892 2870 mer
911 2830 936 2869 et
955 2818 1099 2880 s'eteudain

200 2895 223 2938 5.
241 2887 406 2936 Iaconteaetu
423 2889 514 2950 operia.
540 2886 610 2936 Getta
657 2900 752 2936 comme
772 2885 889 2949 province
909 2884 1032 2944 romulae,
1056 2887 1101 2937 des

166 2953 246 3019 partie
258 2951 302 3001 des
314 2950 434 3000 Histoirea
451 2961 488 3000 est
522 2951 607 3000 ardue.
657 2950 724 3000 deux
733 2953 801 3000 cotes
808 2950 842 2999 du
849 2951 957 3008 Tauium
967 2951 1015 3000 elle
1024 2951 1099 3011 avan,

200 3024 222 3066 6.
252 3017 389 3080 Cythnum,
421 3033 470 3066 une
513 3032 539 3065 es
562 3016 610 3065 iles
657 3014 746 3080 depuis
759 3015 850 3073 Galba,
869 3015 893 3064 le
906 3020 984 3066 mame
1000 3031 1103 3080 gouvcr-

167 3081 299 3139 Caclades,
317 3096 349 3130 au
361 3081 408 3130 sud
420 3081 451 3130 dc
463 3081 539 3139 Ceos,
557 3079 607 3143 auj.
657 3096 720 3129 nour
732 3095 781 3145 que
790 3080 814 3128 la
823 3080 939 3144 province
947 3079 979 3129 de
988 3081 1098 3140 Galatia,

166 3137 609 3210 Thermia.-Lesnomsdespetitcs
656 3145 735 3194 situee
758 3148 773 3193 d
797 3144 851 3194 l'cst
880 3145 911 3194 de
938 3146 961 3194 la
983 3146 1101 3210 province

166 3213 212 3262 iles
233 3227 259 3261 se
276 3210 441 3260 consu-nisena
461 3211 610 3261 commetes
657 3209 751 3260 d’Asie.

168 3275 386 3327 nomsdesvilles.
689 3283 711 3324 2.
736 3273 845 3334 dissue,
870 3286 926 3340 port
948 3284 972 3325 et
992 3275 1051 3326 ville
1067 3292 1100 3325 en

200 3342 434 3398 acommodatum,
445 3340 488 3405 qui
495 3339 609 3390 reuaicnt
655 3339 802 3404 Campania,
816 3344 831 3389 d
842 3348 856 3388 6
868 3341 946 3390 licues
954 3341 986 3390 de
998 3342 1098 3406 Naplas.

167 3424 198 3457 en
211 3409 289 3473 conge
300 3407 469 3472 (commeatus,
483 3408 579 3472 conge).
674 3413 713 3459 ,3.
732 3406 798 3456 Pour
820 3416 928 3456 escorter
950 3407 974 3456 lc
996 3422 1100 3472 gaurer-

192 3479 215 3521 8.
234 3473 358 3533 Dextrae,
372 3487 393 3523 v.
408 3471 432 3533 1,
443 3478 485 3532 54,
497 3480 556 3521 note
569 3479 589 3520 1.
659 3485 730 3537 neor.
