<?xml version="1.0" encoding="UTF-8"?>
<!DOCTYPE html PUBLIC "-//W3C//DTD XHTML 1.0 Transitional//EN"
    "http://www.w3.org/TR/xhtml1/DTD/xhtml1-transitional.dtd">
<html xmlns="http://www.w3.org/1999/xhtml" xml:lang="en" lang="en">
 <head>
  <title>
</title>
<meta http-equiv="Content-Type" content="text/html;charset=utf-8" />
  <meta name='ocr-system' content='tesseract 3.04.00' />
  <meta name='ocr-capabilities' content='ocr_page ocr_carea ocr_par ocr_line ocrx_word'/>
</head>
<body>
  <div class='ocr_page' id='page_1' title='image "./corneliitacitih00gantgoog_0205.png"; bbox 0 0 2346 3922; ppageno 0'>
   <div class='ocr_carea' id='block_1_1' title="bbox 156 219 874 279">
    <p class='ocr_par' dir='ltr' id='par_1_1' title="bbox 156 219 874 279">
     <span class='ocr_line' id='line_1_1' title="bbox 156 219 874 279; baseline -0.001 -2"><span class='ocrx_word' id='word_1_1' title='bbox 156 219 215 279; x_wconf 72' lang='lat'>192</span> <span class='ocrx_word' id='word_1_2' title='bbox 377 233 521 277; x_wconf 84' lang='lat' dir='ltr'>CORNELII</span> <span class='ocrx_word' id='word_1_3' title='bbox 542 235 642 278; x_wconf 80' lang='lat' dir='ltr'>TAOITI</span> <span class='ocrx_word' id='word_1_4' title='bbox 662 234 874 278; x_wconf 79' lang='lat' dir='ltr'><strong>HISTORIARUM</strong></span> 
     </span>
    </p>
   </div>
   <div class='ocr_carea' id='block_1_2' title="bbox 91 365 1097 2601">
    <p class='ocr_par' dir='ltr' id='par_1_2' title="bbox 154 365 1097 915">
     <span class='ocr_line' id='line_1_2' title="bbox 156 365 1097 444; baseline 0.001 -19"><span class='ocrx_word' id='word_1_5' title='bbox 156 367 221 442; x_wconf 90' lang='lat' dir='ltr'>ejus</span> <span class='ocrx_word' id='word_1_6' title='bbox 233 365 400 441; x_wconf 87' lang='lat' dir='ltr'>reciperct;</span> <span class='ocrx_word' id='word_1_7' title='bbox 415 365 509 440; x_wconf 84' lang='lat' dir='ltr'>jussae</span> <span class='ocrx_word' id='word_1_8' title='bbox 520 366 634 423; x_wconf 88' lang='lat' dir='ltr'>armari</span> <span class='ocrx_word' id='word_1_9' title='bbox 646 365 799 440; x_wconf 82' lang='lat' dir='ltr'>legiones3</span> <span class='ocrx_word' id='word_1_10' title='bbox 813 365 917 424; x_wconf 88' lang='lat' dir='ltr'>datum</span> <span class='ocrx_word' id='word_1_11' title='bbox 932 384 988 442; x_wconf 91' lang='lat' dir='ltr'>per</span> <span class='ocrx_word' id='word_1_12' title='bbox 1002 385 1097 444; x_wconf 86' lang='lat' dir='ltr'>agros</span> 
     </span>
     <span class='ocr_line' id='line_1_3' title="bbox 155 462 1097 539; baseline -0.003 -15"><span class='ocrx_word' id='word_1_13' title='bbox 155 466 277 539; x_wconf 78' lang='lat' dir='ltr'>signum</span> <span class='ocrx_word' id='word_1_14' title='bbox 306 467 356 533; x_wconf 91' lang='lat' dir='ltr'>ut,</span> <span class='ocrx_word' id='word_1_15' title='bbox 393 482 453 538; x_wconf 86' lang='lat' dir='ltr'>qua</span> <span class='ocrx_word' id='word_1_16' title='bbox 488 463 596 536; x_wconf 89' lang='lat' dir='ltr'>cuique</span> <span class='ocrx_word' id='word_1_17' title='bbox 625 462 814 537; x_wconf 84' lang='lat' dir='ltr'>proximum,</span> <span class='ocrx_word' id='word_1_18' title='bbox 846 464 958 522; x_wconf 90' lang='lat' dir='ltr'>omissa</span> <span class='ocrx_word' id='word_1_19' title='bbox 989 465 1097 539; x_wconf 88' lang='lat' dir='ltr'>praeda</span> 
     </span>
     <span class='ocr_line' id='line_1_4' title="bbox 155 559 1094 638; baseline 0.001 -19"><span class='ocrx_word' id='word_1_20' title='bbox 155 561 264 638; x_wconf 90' lang='lat' dir='ltr'>proelio</span> <span class='ocrx_word' id='word_1_21' title='bbox 285 560 469 617; x_wconf 87' lang='lat' dir='ltr'>occurreret.</span> <span class='ocrx_word' id='word_1_22' title='bbox 494 559 630 617; x_wconf 82' lang='lat' dir='ltr'>Paridus</span> <span class='ocrx_word' id='word_1_23' title='bbox 652 560 776 616; x_wconf 83' lang='lat' dir='ltr'><strong>interim</strong></span> <span class='ocrx_word' id='word_1_24' title='bbox 791 560 892 618; x_wconf 82' lang='lat' dir='ltr'><strong>Varus</strong></span> <span class='ocrx_word' id='word_1_25' title='bbox 906 562 1006 619; x_wconf 88' lang='lat' dir='ltr'>turbae</span> <span class='ocrx_word' id='word_1_26' title='bbox 1026 579 1094 620; x_wconf 94' lang='lat' dir='ltr'>suo·</span> 
     </span>
     <span class='ocr_line' id='line_1_5' title="bbox 155 656 1095 731; baseline 0.002 -16"><span class='ocrx_word' id='word_1_27' title='bbox 155 677 223 716; x_wconf 91' lang='lat' dir='ltr'>rum</span> <span class='ocrx_word' id='word_1_28' title='bbox 258 658 405 715; x_wconf 89' lang='lat' dir='ltr'>miscetur</span> <span class='ocrx_word' id='word_1_29' title='bbox 441 656 625 731; x_wconf 84' lang='lat' dir='ltr'>intulitque⁵</span> <span class='ocrx_word' id='word_1_30' title='bbox 660 657 864 718; x_wconf 72' lang='lat' dir='ltr'><strong>formidinem.</strong></span> <span class='ocrx_word' id='word_1_31' title='bbox 902 660 991 718; x_wconf 92' lang='lat' dir='ltr'>Pulsi</span> <span class='ocrx_word' id='word_1_32' title='bbox 1024 678 1095 717; x_wconf 91' lang='lat' dir='ltr'>cum</span> 
     </span>
     <span class='ocr_line' id='line_1_6' title="bbox 155 757 1095 832; baseline -0.003 -16"><span class='ocrx_word' id='word_1_33' title='bbox 155 758 266 816; x_wconf 85' lang='lat' dir='ltr'>sauciis</span> <span class='ocrx_word' id='word_1_34' title='bbox 288 757 401 830; x_wconf 75' lang='lat' dir='ltr'>integri</span> <span class='ocrx_word' id='word_1_35' title='bbox 417 760 534 815; x_wconf 91' lang='lat' dir='ltr'>suomet</span> <span class='ocrx_word' id='word_1_36' title='bbox 550 759 628 832; x_wconf 79' lang='lat' dir='ltr'>ipsi⁶</span> <span class='ocrx_word' id='word_1_37' title='bbox 648 759 731 815; x_wconf 91' lang='lat' dir='ltr'>metu</span> <span class='ocrx_word' id='word_1_38' title='bbox 752 758 784 815; x_wconf 88' lang='lat' dir='ltr'>et</span> <span class='ocrx_word' id='word_1_39' title='bbox 802 757 955 831; x_wconf 87' lang='lat' dir='ltr'>angustiis</span> <span class='ocrx_word' id='word_1_40' title='bbox 970 757 1095 814; x_wconf 85' lang='lat' dir='ltr'>viarum</span> 
     </span>
     <span class='ocr_line' id='line_1_7' title="bbox 154 857 418 915; baseline -0.008 -1"><span class='ocrx_word' id='word_1_41' title='bbox 154 857 418 915; x_wconf 88' lang='lat' dir='ltr'>conflictabantur.</span> 
     </span>
    </p>

    <p class='ocr_par' dir='ltr' id='par_1_3' title="bbox 91 952 1095 2601">
     <span class='ocr_line' id='line_1_8' title="bbox 197 952 1095 1028; baseline -0.002 -14"><span class='ocrx_word' id='word_1_42' title='bbox 197 958 246 1015; x_wconf 82' lang='lat'>17.</span> <span class='ocrx_word' id='word_1_43' title='bbox 271 954 399 1013; x_wconf 93' lang='lat' dir='ltr'>Nullum</span> <span class='ocrx_word' id='word_1_44' title='bbox 418 953 450 1010; x_wconf 90' lang='lat' dir='ltr'>in</span> <span class='ocrx_word' id='word_1_45' title='bbox 467 952 521 1011; x_wconf 89' lang='lat' dir='ltr'>illa</span> <span class='ocrx_word' id='word_1_46' title='bbox 535 953 739 1028; x_wconf 76' lang='lat' dir='ltr'>trepidatione</span> <span class='ocrx_word' id='word_1_47' title='bbox 754 954 906 1012; x_wconf 92' lang='lat' dir='ltr'>Antonius</span> <span class='ocrx_word' id='word_1_48' title='bbox 921 955 1095 1012; x_wconf 87' lang='lat' dir='ltr'>constantis</span> 
     </span>
     <span class='ocr_line' id='line_1_9' title="bbox 91 1049 1094 1133; baseline -0.001 -22"><span class='ocrx_word' id='word_1_49' title='bbox 91 1123 96 1133; x_wconf 30' lang='lat'>⁸</span> <span class='ocrx_word' id='word_1_50' title='bbox 155 1054 240 1111; x_wconf 91' lang='lat' dir='ltr'>ducis</span> <span class='ocrx_word' id='word_1_51' title='bbox 255 1055 308 1110; x_wconf 91' lang='lat' dir='ltr'>aut</span> <span class='ocrx_word' id='word_1_52' title='bbox 323 1050 484 1109; x_wconf 82' lang='lat' dir='ltr'>fortissimi</span> <span class='ocrx_word' id='word_1_53' title='bbox 495 1050 616 1108; x_wconf 87' lang='lat' dir='ltr'>militis</span> <span class='ocrx_word' id='word_1_54' title='bbox 631 1049 761 1108; x_wconf 91' lang='lat' dir='ltr'>officium</span> <span class='ocrx_word' id='word_1_55' title='bbox 780 1052 894 1110; x_wconf 89' lang='lat' dir='ltr'>omisit.</span> <span class='ocrx_word' id='word_1_56' title='bbox 923 1054 1094 1110; x_wconf 71' lang='lat' dir='ltr'>Occursare</span> 
     </span>
     <span class='ocr_line' id='line_1_10' title="bbox 155 1148 1091 1227; baseline 0.003 -20"><span class='ocrx_word' id='word_1_57' title='bbox 155 1150 352 1226; x_wconf 85' lang='lat' dir='ltr'>paventibus,</span> <span class='ocrx_word' id='word_1_58' title='bbox 383 1148 518 1206; x_wconf 88' lang='lat' dir='ltr'>retinere</span> <span class='ocrx_word' id='word_1_59' title='bbox 547 1150 703 1220; x_wconf 81' lang='lat' dir='ltr'>cedentes,</span> <span class='ocrx_word' id='word_1_60' title='bbox 735 1150 787 1208; x_wconf 92' lang='lat' dir='ltr'>ubi</span> <span class='ocrx_word' id='word_1_61' title='bbox 816 1152 966 1227; x_wconf 90' lang='lat' dir='ltr'>plurimus</span> <span class='ocrx_word' id='word_1_62' title='bbox 983 1151 1091 1222; x_wconf 83' lang='lat' dir='ltr'>labor,</span> 
     </span>
     <span class='ocr_line' id='line_1_11' title="bbox 155 1247 1091 1324; baseline 0.003 -19"><span class='ocrx_word' id='word_1_63' title='bbox 155 1249 234 1305; x_wconf 92' lang='lat' dir='ltr'>unde</span> <span class='ocrx_word' id='word_1_64' title='bbox 250 1247 353 1321; x_wconf 89' lang='lat' dir='ltr'>aliqua</span> <span class='ocrx_word' id='word_1_65' title='bbox 368 1263 453 1321; x_wconf 81' lang='lat' dir='ltr'>spec,</span> <span class='ocrx_word' id='word_1_66' title='bbox 473 1247 615 1316; x_wconf 87' lang='lat' dir='ltr'>consilio,</span> <span class='ocrx_word' id='word_1_67' title='bbox 632 1265 739 1317; x_wconf 87' lang='lat' dir='ltr'>manu,</span> <span class='ocrx_word' id='word_1_68' title='bbox 754 1265 830 1307; x_wconf 85' lang='lat' dir='ltr'>voce</span> <span class='ocrx_word' id='word_1_69' title='bbox 846 1249 976 1324; x_wconf 83' lang='lat' dir='ltr'>insignis</span> <span class='ocrx_word' id='word_1_70' title='bbox 991 1251 1091 1320; x_wconf 79' lang='lat' dir='ltr'>hosti,</span> 
     </span>
     <span class='ocr_line' id='line_1_12' title="bbox 155 1345 1094 1421; baseline 0.002 -18"><span class='ocrx_word' id='word_1_71' title='bbox 155 1347 335 1421; x_wconf 86' lang='lat' dir='ltr'>conspicuus</span> <span class='ocrx_word' id='word_1_72' title='bbox 350 1346 425 1403; x_wconf 79' lang='lat' dir='ltr'>suis,</span> <span class='ocrx_word' id='word_1_73' title='bbox 449 1345 493 1401; x_wconf 89' lang='lat' dir='ltr'>Eo</span> <span class='ocrx_word' id='word_1_74' title='bbox 508 1346 660 1418; x_wconf 88' lang='lat' dir='ltr'>postremo</span> <span class='ocrx_word' id='word_1_75' title='bbox 675 1345 796 1404; x_wconf 48' lang='lat' dir='ltr'>ardoris*</span> <span class='ocrx_word' id='word_1_76' title='bbox 810 1348 973 1421; x_wconf 88' lang='lat' dir='ltr'>provectus</span> <span class='ocrx_word' id='word_1_77' title='bbox 989 1349 1037 1405; x_wconf 86' lang='lat' dir='ltr'>est</span> <span class='ocrx_word' id='word_1_78' title='bbox 1058 1350 1094 1404; x_wconf 85' lang='lat' dir='ltr'>ui</span> 
     </span>
     <span class='ocr_line' id='line_1_13' title="bbox 154 1442 1092 1517; baseline 0.001 -16"><span class='ocrx_word' id='word_1_79' title='bbox 154 1446 367 1503; x_wconf 79' lang='lat' dir='ltr'>vexillarium¹</span> <span class='ocrx_word' id='word_1_80' title='bbox 393 1442 562 1517; x_wconf 80' lang='lat' dir='ltr'>fugientem</span> <span class='ocrx_word' id='word_1_81' title='bbox 591 1445 680 1502; x_wconf 89' lang='lat' dir='ltr'>hasta</span> <span class='ocrx_word' id='word_1_82' title='bbox 707 1444 988 1513; x_wconf 81' lang='lat' dir='ltr'>transverberaret3</span> <span class='ocrx_word' id='word_1_83' title='bbox 1020 1462 1092 1502; x_wconf 85' lang='lat' dir='ltr'>mox</span> 
     </span>
     <span class='ocr_line' id='line_1_14' title="bbox 154 1540 1092 1619; baseline 0.001 -20"><span class='ocrx_word' id='word_1_84' title='bbox 154 1545 275 1617; x_wconf 87' lang='lat' dir='ltr'>raptum</span> <span class='ocrx_word' id='word_1_85' title='bbox 290 1540 437 1599; x_wconf 80' lang='lat' dir='ltr'>vexillum</span> <span class='ocrx_word' id='word_1_86' title='bbox 458 1543 489 1598; x_wconf 92' lang='lat' dir='ltr'>in</span> <span class='ocrx_word' id='word_1_87' title='bbox 505 1543 622 1600; x_wconf 88' lang='lat' dir='ltr'>hostem</span> <span class='ocrx_word' id='word_1_88' title='bbox 637 1543 743 1604; x_wconf 87' lang='lat' dir='ltr'>vertit.</span> <span class='ocrx_word' id='word_1_89' title='bbox 777 1545 841 1609; x_wconf 87' lang='lat' dir='ltr'>Quo</span> <span class='ocrx_word' id='word_1_90' title='bbox 856 1544 991 1619; x_wconf 74' lang='lat' dir='ltr'>pudore²</span> <span class='ocrx_word' id='word_1_91' title='bbox 1009 1543 1092 1619; x_wconf 79' lang='lat' dir='ltr'>hapd</span> 
     </span>
     <span class='ocr_line' id='line_1_15' title="bbox 154 1638 1089 1716; baseline 0.001 -19"><span class='ocrx_word' id='word_1_92' title='bbox 154 1639 256 1715; x_wconf 86' lang='lat' dir='ltr'>plures</span> <span class='ocrx_word' id='word_1_93' title='bbox 282 1655 372 1713; x_wconf 88' lang='lat' dir='ltr'>quam</span> <span class='ocrx_word' id='word_1_94' title='bbox 401 1640 523 1697; x_wconf 86' lang='lat' dir='ltr'>eentum</span> <span class='ocrx_word' id='word_1_95' title='bbox 548 1640 666 1716; x_wconf 88' lang='lat' dir='ltr'>equites</span> <span class='ocrx_word' id='word_1_96' title='bbox 691 1642 854 1699; x_wconf 81' lang='lat' dir='ltr'>restitere:</span> <span class='ocrx_word' id='word_1_97' title='bbox 877 1638 963 1714; x_wconf 80' lang='lat' dir='ltr'>juvit</span> <span class='ocrx_word' id='word_1_98' title='bbox 987 1640 1089 1708; x_wconf 89' lang='lat' dir='ltr'>locus,</span> 
     </span>
     <span class='ocr_line' id='line_1_16' title="bbox 153 1735 1091 1811; baseline -0.003 -14"><span class='ocrx_word' id='word_1_99' title='bbox 153 1740 268 1797; x_wconf 83' lang='lat' dir='ltr'>artiore</span> <span class='ocrx_word' id='word_1_100' title='bbox 284 1737 347 1794; x_wconf 88' lang='lat' dir='ltr'>illic</span> <span class='ocrx_word' id='word_1_101' title='bbox 362 1736 414 1793; x_wconf 87' lang='lat' dir='ltr'>via</span> <span class='ocrx_word' id='word_1_102' title='bbox 429 1739 459 1794; x_wconf 88' lang='lat' dir='ltr'>et</span> <span class='ocrx_word' id='word_1_103' title='bbox 474 1735 572 1795; x_wconf 86' lang='lat' dir='ltr'>fracto</span> <span class='ocrx_word' id='word_1_104' title='bbox 592 1739 797 1796; x_wconf 88' lang='lat' dir='ltr'>interfluentis</span> <span class='ocrx_word' id='word_1_105' title='bbox 817 1736 897 1794; x_wconf 85' lang='lat' dir='ltr'>rivi³</span> <span class='ocrx_word' id='word_1_106' title='bbox 912 1738 1020 1811; x_wconf 90' lang='lat' dir='ltr'>ponte,</span> <span class='ocrx_word' id='word_1_107' title='bbox 1039 1738 1091 1811; x_wconf 93' lang='lat' dir='ltr'>qui</span> 
     </span>
     <span class='ocr_line' id='line_1_17' title="bbox 155 1834 1088 1910; baseline 0.002 -18"><span class='ocrx_word' id='word_1_108' title='bbox 155 1836 272 1892; x_wconf 92' lang='lat' dir='ltr'>incerto</span> <span class='ocrx_word' id='word_1_109' title='bbox 287 1834 392 1891; x_wconf 83' lang='lat' dir='ltr'>alveo⁴</span> <span class='ocrx_word' id='word_1_110' title='bbox 409 1835 439 1890; x_wconf 91' lang='lat' dir='ltr'>et</span> <span class='ocrx_word' id='word_1_111' title='bbox 454 1834 663 1909; x_wconf 74' lang='lat' dir='ltr'>praecipitibus</span> <span class='ocrx_word' id='word_1_112' title='bbox 678 1834 755 1909; x_wconf 88' lang='lat' dir='ltr'>ripis</span> <span class='ocrx_word' id='word_1_113' title='bbox 772 1834 875 1910; x_wconf 80' lang='lat' dir='ltr'>fugam</span> <span class='ocrx_word' id='word_1_114' title='bbox 890 1835 1088 1909; x_wconf 87' lang='lat' dir='ltr'>impediebat.</span> 
     </span>
     <span class='ocr_line' id='line_1_18' title="bbox 153 1930 1088 2009; baseline 0.004 -20"><span class='ocrx_word' id='word_1_115' title='bbox 153 1933 198 1989; x_wconf 86' lang='lat' dir='ltr'>Ea</span> <span class='ocrx_word' id='word_1_116' title='bbox 214 1930 378 1989; x_wconf 79' lang='lat' dir='ltr'>necessitas</span> <span class='ocrx_word' id='word_1_117' title='bbox 394 1946 446 1986; x_wconf 89' lang='lat' dir='ltr'>seu</span> <span class='ocrx_word' id='word_1_118' title='bbox 467 1931 591 1992; x_wconf 86' lang='lat' dir='ltr'>fortuna</span> <span class='ocrx_word' id='word_1_119' title='bbox 611 1933 711 2008; x_wconf 88' lang='lat' dir='ltr'>lapsas</span> <span class='ocrx_word' id='word_1_120' title='bbox 727 1933 794 2008; x_wconf 86' lang='lat' dir='ltr'>jam</span> <span class='ocrx_word' id='word_1_121' title='bbox 814 1935 917 2009; x_wconf 87' lang='lat' dir='ltr'>partes</span> <span class='ocrx_word' id='word_1_122' title='bbox 937 1935 1088 1993; x_wconf 88' lang='lat' dir='ltr'>restituit.</span> 
     </span>
     <span class='ocr_line' id='line_1_19' title="bbox 155 2028 1092 2106; baseline 0.001 -18"><span class='ocrx_word' id='word_1_123' title='bbox 155 2029 287 2088; x_wconf 88' lang='lat' dir='ltr'>Firmati</span> <span class='ocrx_word' id='word_1_124' title='bbox 304 2029 386 2085; x_wconf 85' lang='lat' dir='ltr'>inter</span> <span class='ocrx_word' id='word_1_125' title='bbox 400 2043 431 2084; x_wconf 89' lang='lat' dir='ltr'>se</span> <span class='ocrx_word' id='word_1_126' title='bbox 447 2028 548 2087; x_wconf 90' lang='lat' dir='ltr'>densis</span> <span class='ocrx_word' id='word_1_127' title='bbox 562 2030 720 2088; x_wconf 90' lang='lat' dir='ltr'>ordinibus</span> <span class='ocrx_word' id='word_1_128' title='bbox 734 2030 892 2106; x_wconf 80' lang='lat' dir='ltr'>excipiunt</span> <span class='ocrx_word' id='word_1_129' title='bbox 906 2031 1092 2090; x_wconf 83' lang='lat' dir='ltr'>Vitellianos</span> 
     </span>
     <span class='ocr_line' id='line_1_20' title="bbox 153 2128 1091 2203; baseline 0.001 -16"><span class='ocrx_word' id='word_1_130' title='bbox 153 2132 268 2187; x_wconf 89' lang='lat' dir='ltr'>temere</span> <span class='ocrx_word' id='word_1_131' title='bbox 294 2129 420 2196; x_wconf 85' lang='lat' dir='ltr'>effusos,</span> <span class='ocrx_word' id='word_1_132' title='bbox 451 2130 543 2203; x_wconf 84' lang='lat' dir='ltr'>atque</span> <span class='ocrx_word' id='word_1_133' title='bbox 572 2128 618 2186; x_wconf 94' lang='lat' dir='ltr'>illi</span> <span class='ocrx_word' id='word_1_134' title='bbox 643 2130 906 2188; x_wconf 85' lang='lat' dir='ltr'>consternantur⁵.</span> <span class='ocrx_word' id='word_1_135' title='bbox 936 2130 1091 2188; x_wconf 86' lang='lat' dir='ltr'>Antonius</span> 
     </span>
     <span class='ocr_line' id='line_1_21' title="bbox 153 2227 1090 2304; baseline -0.003 -16"><span class='ocrx_word' id='word_1_136' title='bbox 153 2231 269 2289; x_wconf 83' lang='lat' dir='ltr'>instare</span> <span class='ocrx_word' id='word_1_137' title='bbox 295 2228 443 2304; x_wconf 88' lang='lat' dir='ltr'>perculsis</span> <span class='ocrx_word' id='word_1_138' title='bbox 451 2230 471 2297; x_wconf 77' lang='lat'>⁶,</span> <span class='ocrx_word' id='word_1_139' title='bbox 500 2232 637 2286; x_wconf 88' lang='lat' dir='ltr'>sternere</span> <span class='ocrx_word' id='word_1_140' title='bbox 658 2230 778 2299; x_wconf 81' lang='lat' dir='ltr'>obvios,</span> <span class='ocrx_word' id='word_1_141' title='bbox 807 2227 897 2287; x_wconf 89' lang='lat' dir='ltr'>simul</span> <span class='ocrx_word' id='word_1_142' title='bbox 917 2228 1031 2297; x_wconf 87' lang='lat' dir='ltr'>ceteri,</span> <span class='ocrx_word' id='word_1_143' title='bbox 1055 2229 1090 2285; x_wconf 85' lang='lat' dir='ltr'>ut</span> 
     </span>
     <span class='ocr_line' id='line_1_22' title="bbox 153 2327 1090 2404; baseline -0.003 -18"><span class='ocrx_word' id='word_1_144' title='bbox 153 2329 261 2403; x_wconf 94' lang='lat' dir='ltr'>cuique</span> <span class='ocrx_word' id='word_1_145' title='bbox 291 2327 463 2404; x_wconf 81' lang='lat' dir='ltr'>ingenium,</span> <span class='ocrx_word' id='word_1_146' title='bbox 494 2327 639 2404; x_wconf 87' lang='lat' dir='ltr'>spoliare,</span> <span class='ocrx_word' id='word_1_147' title='bbox 671 2345 794 2404; x_wconf 87' lang='lat' dir='ltr'>capere,</span> <span class='ocrx_word' id='word_1_148' title='bbox 822 2345 908 2386; x_wconf 86' lang='lat' dir='ltr'>arma</span> <span class='ocrx_word' id='word_1_149' title='bbox 936 2343 1090 2402; x_wconf 89' lang='lat' dir='ltr'>equosque</span> 
     </span>
     <span class='ocr_line' id='line_1_23' title="bbox 154 2425 1091 2503; baseline 0 -19"><span class='ocrx_word' id='word_1_150' title='bbox 154 2427 305 2503; x_wconf 89' lang='lat' dir='ltr'>abripere.</span> <span class='ocrx_word' id='word_1_151' title='bbox 340 2429 380 2486; x_wconf 85' lang='lat' dir='ltr'>Et</span> <span class='ocrx_word' id='word_1_152' title='bbox 404 2426 498 2484; x_wconf 84' lang='lat' dir='ltr'>exciti</span> <span class='ocrx_word' id='word_1_153' title='bbox 523 2444 668 2502; x_wconf 92' lang='lat' dir='ltr'>prospero</span> <span class='ocrx_word' id='word_1_154' title='bbox 694 2426 826 2485; x_wconf 88' lang='lat' dir='ltr'>elamore</span> <span class='ocrx_word' id='word_1_155' title='bbox 846 2427 898 2501; x_wconf 94' lang='lat' dir='ltr'>qui</span> <span class='ocrx_word' id='word_1_156' title='bbox 919 2425 1007 2483; x_wconf 91' lang='lat' dir='ltr'>modo</span> <span class='ocrx_word' id='word_1_157' title='bbox 1034 2443 1091 2500; x_wconf 91' lang='lat' dir='ltr'>per</span> 
     </span>
     <span class='ocr_line' id='line_1_24' title="bbox 153 2525 922 2601; baseline 0.004 -19"><span class='ocrx_word' id='word_1_158' title='bbox 153 2541 243 2600; x_wconf 80' lang='lat' dir='ltr'>agros</span> <span class='ocrx_word' id='word_1_159' title='bbox 257 2525 331 2600; x_wconf 78' lang='lat' dir='ltr'>iuga</span> <span class='ocrx_word' id='word_1_160' title='bbox 345 2525 530 2601; x_wconf 88' lang='lat' dir='ltr'>palabantur</span> <span class='ocrx_word' id='word_1_161' title='bbox 543 2525 682 2584; x_wconf 83' lang='lat' dir='ltr'>victoriae</span> <span class='ocrx_word' id='word_1_162' title='bbox 697 2544 729 2584; x_wconf 91' lang='lat' dir='ltr'>se</span> <span class='ocrx_word' id='word_1_163' title='bbox 744 2525 922 2585; x_wconf 88' lang='lat' dir='ltr'>miscebant.</span> 
     </span>
    </p>
   </div>
   <div class='ocr_carea' id='block_1_3' title="bbox 154 2633 1147 2807">
    <p class='ocr_par' dir='ltr' id='par_1_4' title="bbox 154 2633 1147 2807">
     <span class='ocr_line' id='line_1_25' title="bbox 197 2633 1088 2711; baseline -0.002 -17"><span class='ocrx_word' id='word_1_164' title='bbox 197 2636 244 2696; x_wconf 89' lang='lat'>18.</span> <span class='ocrx_word' id='word_1_165' title='bbox 270 2635 316 2693; x_wconf 90' lang='lat' dir='ltr'>Ad</span> <span class='ocrx_word' id='word_1_166' title='bbox 332 2636 491 2709; x_wconf 89' lang='lat' dir='ltr'>quartum¹</span> <span class='ocrx_word' id='word_1_167' title='bbox 514 2652 533 2694; x_wconf 87' lang='lat' dir='ltr'>a</span> <span class='ocrx_word' id='word_1_168' title='bbox 551 2635 699 2693; x_wconf 84' lang='lat' dir='ltr'>Cremona</span> <span class='ocrx_word' id='word_1_169' title='bbox 717 2634 848 2711; x_wconf 84' lang='lat' dir='ltr'>lapidem</span> <span class='ocrx_word' id='word_1_170' title='bbox 867 2633 980 2691; x_wconf 86' lang='lat' dir='ltr'>fulsere</span> <span class='ocrx_word' id='word_1_171' title='bbox 993 2633 1088 2709; x_wconf 80' lang='lat' dir='ltr'>legio·</span> 
     </span>
     <span class='ocr_line' id='line_1_26' title="bbox 154 2732 1147 2807; baseline 0.004 -19"><span class='ocrx_word' id='word_1_172' title='bbox 154 2749 227 2789; x_wconf 90' lang='lat' dir='ltr'>num</span> <span class='ocrx_word' id='word_1_173' title='bbox 248 2733 351 2807; x_wconf 82' lang='lat' dir='ltr'>signa,</span> <span class='ocrx_word' id='word_1_174' title='bbox 380 2732 513 2806; x_wconf 87' lang='lat' dir='ltr'>Rapacis</span> <span class='ocrx_word' id='word_1_175' title='bbox 532 2733 623 2806; x_wconf 88' lang='lat' dir='ltr'>atque</span> <span class='ocrx_word' id='word_1_176' title='bbox 645 2732 775 2802; x_wconf 86' lang='lat' dir='ltr'>Italicae,</span> <span class='ocrx_word' id='word_1_177' title='bbox 803 2732 873 2790; x_wconf 89' lang='lat' dir='ltr'>laeto</span> <span class='ocrx_word' id='word_1_178' title='bbox 894 2733 977 2791; x_wconf 82' lang='lat' dir='ltr'>inter</span> <span class='ocrx_word' id='word_1_179' title='bbox 997 2733 1089 2792; x_wconf 87' lang='lat' dir='ltr'>initia</span> <span class='ocrx_word' id='word_1_180' title='bbox 1143 2743 1147 2749; x_wconf 84' lang='lat'>&#39;</span> 
     </span>
    </p>
   </div>
   <div class='ocr_carea' id='block_1_4' title="bbox 150 2867 1089 3588">
    <p class='ocr_par' dir='ltr' id='par_1_5' title="bbox 152 2867 1089 3063">
     <span class='ocr_line' id='line_1_27' title="bbox 186 2867 1089 2932; baseline 0.002 -17"><span class='ocrx_word' id='word_1_181' title='bbox 186 2874 208 2916; x_wconf 81' lang='lat'>5.</span> <span class='ocrx_word' id='word_1_182' title='bbox 228 2868 344 2917; x_wconf 78' lang='lat' dir='ltr'>Miscetur</span> <span class='ocrx_word' id='word_1_183' title='bbox 350 2867 490 2928; x_wconf 82' lang='lat' dir='ltr'>intulitque,</span> <span class='ocrx_word' id='word_1_184' title='bbox 497 2867 598 2929; x_wconf 80' lang='lat' dir='ltr'>present</span> <span class='ocrx_word' id='word_1_185' title='bbox 681 2874 702 2915; x_wconf 89' lang='lat'>3.</span> <span class='ocrx_word' id='word_1_186' title='bbox 721 2867 788 2916; x_wconf 82' lang='lat' dir='ltr'>Rioi.</span> <span class='ocrx_word' id='word_1_187' title='bbox 801 2868 838 2917; x_wconf 83' lang='lat'>011</span> <span class='ocrx_word' id='word_1_188' title='bbox 848 2882 981 2932; x_wconf 88' lang='lat' dir='ltr'>penseque</span> <span class='ocrx_word' id='word_1_189' title='bbox 990 2883 1018 2916; x_wconf 89' lang='lat' dir='ltr'>ce</span> <span class='ocrx_word' id='word_1_190' title='bbox 1028 2867 1089 2917; x_wconf 86' lang='lat' dir='ltr'>ruis-</span> 
     </span>
     <span class='ocr_line' id='line_1_28' title="bbox 152 2930 1087 2999; baseline 0.003 -19"><span class='ocrx_word' id='word_1_191' title='bbox 152 2934 265 2996; x_wconf 77' lang='lat' dir='ltr'>cmploye</span> <span class='ocrx_word' id='word_1_192' title='bbox 290 2930 558 2995; x_wconf 85' lang='lat' dir='ltr'>exceptionnellcrnent</span> <span class='ocrx_word' id='word_1_193' title='bbox 583 2933 597 2978; x_wconf 75' lang='lat' dir='ltr'>d</span> <span class='ocrx_word' id='word_1_194' title='bbox 647 2948 704 2981; x_wconf 89' lang='lat' dir='ltr'>scau</span> <span class='ocrx_word' id='word_1_195' title='bbox 723 2941 760 2980; x_wconf 89' lang='lat' dir='ltr'>est</span> <span class='ocrx_word' id='word_1_196' title='bbox 778 2949 811 2980; x_wconf 87' lang='lat' dir='ltr'>un</span> <span class='ocrx_word' id='word_1_197' title='bbox 830 2933 930 2981; x_wconf 88' lang='lat' dir='ltr'>affluent</span> <span class='ocrx_word' id='word_1_198' title='bbox 941 2933 973 2982; x_wconf 86' lang='lat' dir='ltr'>de</span> <span class='ocrx_word' id='word_1_199' title='bbox 984 2933 1087 2999; x_wconf 73' lang='lat' dir='ltr'>legno,</span> 
     </span>
     <span class='ocr_line' id='line_1_29' title="bbox 153 2995 873 3063; baseline 0.001 -17"><span class='ocrx_word' id='word_1_200' title='bbox 153 3001 208 3046; x_wconf 82' lang='lat' dir='ltr'>cdte&#39;</span> <span class='ocrx_word' id='word_1_201' title='bbox 220 2997 253 3045; x_wconf 93' lang='lat' dir='ltr'>du</span> <span class='ocrx_word' id='word_1_202' title='bbox 266 2996 355 3061; x_wconf 78' lang='lat' dir='ltr'>perluit</span> <span class='ocrx_word' id='word_1_203' title='bbox 367 2995 513 3060; x_wconf 75' lang='lat' dir='ltr'>historique.</span> <span class='ocrx_word' id='word_1_204' title='bbox 646 2999 735 3063; x_wconf 78' lang='lat' dir='ltr'>appele</span> <span class='ocrx_word' id='word_1_205' title='bbox 746 2998 873 3047; x_wconf 86' lang='lat' dir='ltr'>Delmona.</span> 
     </span>
    </p>

    <p class='ocr_par' dir='ltr' id='par_1_6' title="bbox 152 3062 1088 3316">
     <span class='ocr_line' id='line_1_30' title="bbox 188 3062 1088 3124; baseline 0.003 -14"><span class='ocrx_word' id='word_1_206' title='bbox 188 3070 209 3111; x_wconf 87' lang='lat'>6.</span> <span class='ocrx_word' id='word_1_207' title='bbox 229 3063 598 3124; x_wconf 78' lang='lat' dir='ltr'>Snonretipsi=snomrtipso-</span> <span class='ocrx_word' id='word_1_208' title='bbox 678 3072 701 3112; x_wconf 82' lang='grc'>4.</span> <span class='ocrx_word' id='word_1_209' title='bbox 719 3064 816 3113; x_wconf 83' lang='lat' dir='ltr'>Incerto</span> <span class='ocrx_word' id='word_1_210' title='bbox 833 3066 915 3122; x_wconf 73' lang='lat' dir='ltr'>alveo,</span> <span class='ocrx_word' id='word_1_211' title='bbox 933 3062 994 3112; x_wconf 88' lang='lat' dir='ltr'>sond</span> <span class='ocrx_word' id='word_1_212' title='bbox 1009 3063 1088 3113; x_wconf 89' lang='lat' dir='ltr'>incer·</span> 
     </span>
     <span class='ocr_line' id='line_1_31' title="bbox 153 3126 1046 3192; baseline 0.002 -17"><span class='ocrx_word' id='word_1_213' title='bbox 153 3142 222 3175; x_wconf 76' lang='lat' dir='ltr'>rnrn.</span> <span class='ocrx_word' id='word_1_214' title='bbox 240 3128 294 3189; x_wconf 81' lang='lat' dir='ltr'>lpse</span> <span class='ocrx_word' id='word_1_215' title='bbox 306 3143 332 3176; x_wconf 92' lang='lat' dir='ltr'>se</span> <span class='ocrx_word' id='word_1_216' title='bbox 343 3136 393 3176; x_wconf 82' lang='lat' dir='ltr'>met</span> <span class='ocrx_word' id='word_1_217' title='bbox 404 3126 597 3175; x_wconf 82' lang='lat' dir='ltr'>ordinairernont</span> <span class='ocrx_word' id='word_1_218' title='bbox 647 3129 697 3177; x_wconf 87' lang='lat' dir='ltr'>tain</span> <span class='ocrx_word' id='word_1_219' title='bbox 706 3151 739 3170; x_wconf 95' lang='lat'><strong><em>=</em></strong></span> <span class='ocrx_word' id='word_1_220' title='bbox 748 3128 901 3192; x_wconf 87' lang='lat' dir='ltr'>prolondeur</span> <span class='ocrx_word' id='word_1_221' title='bbox 912 3128 1046 3178; x_wconf 87' lang='lat' dir='ltr'>inconnue.</span> 
     </span>
     <span class='ocr_line' id='line_1_32' title="bbox 153 3191 1088 3257; baseline 0.005 -18"><span class='ocrx_word' id='word_1_222' title='bbox 153 3192 323 3242; x_wconf 78' lang='lat' dir='ltr'>eunominatii</span> <span class='ocrx_word' id='word_1_223' title='bbox 330 3191 459 3254; x_wconf 83' lang='lat' dir='ltr'>avecl&#39;adj.</span> <span class='ocrx_word' id='word_1_224' title='bbox 467 3192 594 3257; x_wconf 82' lang='lat' dir='ltr'>possessis.</span> <span class='ocrx_word' id='word_1_225' title='bbox 678 3201 700 3242; x_wconf 88' lang='grc'>5.</span> <span class='ocrx_word' id='word_1_226' title='bbox 714 3194 922 3253; x_wconf 79' lang='lat' dir='ltr'>Consternantur,</span> <span class='ocrx_word' id='word_1_227' title='bbox 935 3204 991 3244; x_wconf 84' lang='lat' dir='ltr'>sont</span> <span class='ocrx_word' id='word_1_228' title='bbox 999 3195 1088 3245; x_wconf 85' lang='lat' dir='ltr'>de‘con-</span> 
     </span>
     <span class='ocr_line' id='line_1_33' title="bbox 152 3258 874 3316; baseline 0 -9"><span class='ocrx_word' id='word_1_229' title='bbox 152 3258 181 3307; x_wconf 90' lang='lat' dir='ltr'>V.</span> <span class='ocrx_word' id='word_1_230' title='bbox 195 3259 382 3316; x_wconf 71' lang='lat' dir='ltr'>Gantr.,5184‚</span> <span class='ocrx_word' id='word_1_231' title='bbox 398 3265 433 3306; x_wconf 88' lang='lat'>10.</span> <span class='ocrx_word' id='word_1_232' title='bbox 645 3263 737 3316; x_wconf 76' lang='lat' dir='ltr'>certes,</span> <span class='ocrx_word' id='word_1_233' title='bbox 757 3259 874 3309; x_wconf 74' lang='lat' dir='ltr'>troubles.</span> 
     </span>
    </p>

    <p class='ocr_par' dir='ltr' id='par_1_7' title="bbox 153 3321 1086 3453">
     <span class='ocr_line' id='line_1_34' title="bbox 187 3321 1086 3390; baseline 0.004 -19"><span class='ocrx_word' id='word_1_234' title='bbox 187 3331 241 3371; x_wconf 71' lang='lat' dir='ltr'>ss.</span> <span class='ocrx_word' id='word_1_235' title='bbox 268 3332 288 3372; x_wconf 93' lang='lat' dir='ltr'>l.</span> <span class='ocrx_word' id='word_1_236' title='bbox 316 3324 480 3373; x_wconf 80' lang='lat' dir='ltr'>Vecillorinm</span> <span class='ocrx_word' id='word_1_237' title='bbox 500 3321 595 3387; x_wconf 74' lang='lat' dir='ltr'>signifie</span> <span class='ocrx_word' id='word_1_238' title='bbox 677 3332 699 3375; x_wconf 84' lang='lat'>6.</span> <span class='ocrx_word' id='word_1_239' title='bbox 724 3325 821 3374; x_wconf 77' lang='lat' dir='ltr'>Instare</span> <span class='ocrx_word' id='word_1_240' title='bbox 841 3327 976 3388; x_wconf 80' lang='lat' dir='ltr'>perculsis,</span> <span class='ocrx_word' id='word_1_241' title='bbox 1001 3341 1086 3390; x_wconf 88' lang='lat' dir='ltr'>presse</span> 
     </span>
     <span class='ocr_line' id='line_1_35' title="bbox 153 3387 938 3453; baseline 0.005 -17"><span class='ocrx_word' id='word_1_242' title='bbox 153 3387 185 3438; x_wconf 90' lang='lat' dir='ltr'>ici</span> <span class='ocrx_word' id='word_1_243' title='bbox 202 3389 407 3453; x_wconf 75' lang='lat' dir='ltr'>porte-enseigne.</span> <span class='ocrx_word' id='word_1_244' title='bbox 645 3390 681 3439; x_wconf 89' lang='lat' dir='ltr'>les</span> <span class='ocrx_word' id='word_1_245' title='bbox 693 3390 803 3440; x_wconf 89' lang='lat' dir='ltr'>ennemis</span> <span class='ocrx_word' id='word_1_246' title='bbox 815 3390 938 3440; x_wconf 80' lang='lat' dir='ltr'>ebrunles.</span> 
     </span>
    </p>

    <p class='ocr_par' dir='ltr' id='par_1_8' title="bbox 150 3455 1086 3588">
     <span class='ocr_line' id='line_1_36' title="bbox 186 3455 1086 3518; baseline 0.008 -17"><span class='ocrx_word' id='word_1_247' title='bbox 186 3461 207 3503; x_wconf 78' lang='lat'>2.</span> <span class='ocrx_word' id='word_1_248' title='bbox 228 3457 281 3516; x_wconf 79' lang='lat' dir='ltr'>Quo</span> <span class='ocrx_word' id='word_1_249' title='bbox 297 3457 395 3516; x_wconf 83' lang='lat' dir='ltr'>pudore</span> <span class='ocrx_word' id='word_1_250' title='bbox 412 3476 445 3496; x_wconf 95' lang='lat'><strong><em>=</em></strong></span> <span class='ocrx_word' id='word_1_251' title='bbox 465 3456 537 3515; x_wconf 74' lang='lat' dir='ltr'>cujtts</span> <span class='ocrx_word' id='word_1_252' title='bbox 557 3457 595 3504; x_wconf 83' lang='lat' dir='ltr'>nei</span> <span class='ocrx_word' id='word_1_253' title='bbox 679 3463 732 3504; x_wconf 68' lang='lat'>18.</span> <span class='ocrx_word' id='word_1_254' title='bbox 752 3464 772 3504; x_wconf 91' lang='lat' dir='ltr'>l.</span> <span class='ocrx_word' id='word_1_255' title='bbox 786 3455 1037 3518; x_wconf 80' lang='lat' dir='ltr'>Quurinm,4milles</span> <span class='ocrx_word' id='word_1_256' title='bbox 1049 3472 1086 3508; x_wconf 83' lang='lat' dir='ltr'>ro-</span> 
     </span>
     <span class='ocr_line' id='line_1_37' title="bbox 150 3520 1059 3588; baseline 0.004 -19"><span class='ocrx_word' id='word_1_257' title='bbox 150 3522 261 3584; x_wconf 73' lang='lat' dir='ltr'>mulum,</span> <span class='ocrx_word' id='word_1_258' title='bbox 283 3536 305 3572; x_wconf 84' lang='lat' dir='ltr'>u.</span> <span class='ocrx_word' id='word_1_259' title='bbox 320 3520 416 3579; x_wconf 71' lang='lat' dir='ltr'>dante,</span> <span class='ocrx_word' id='word_1_260' title='bbox 429 3526 441 3580; x_wconf 64' lang='grc' dir='ltr'><strong>ἓ</strong></span> <span class='ocrx_word' id='word_1_261' title='bbox 454 3527 508 3579; x_wconf 82' lang='grc'>184,</span> <span class='ocrx_word' id='word_1_262' title='bbox 523 3526 559 3571; x_wconf 83' lang='grc'>15.</span> <span class='ocrx_word' id='word_1_263' title='bbox 644 3520 736 3583; x_wconf 83' lang='lat' dir='ltr'>mains,</span> <span class='ocrx_word' id='word_1_264' title='bbox 749 3525 806 3588; x_wconf 77' lang='lat' dir='ltr'>pres</span> <span class='ocrx_word' id='word_1_265' title='bbox 817 3522 849 3573; x_wconf 89' lang='lat' dir='ltr'>de</span> <span class='ocrx_word' id='word_1_266' title='bbox 861 3522 899 3573; x_wconf 78' lang='lat' dir='ltr'>six</span> <span class='ocrx_word' id='word_1_267' title='bbox 910 3522 1059 3574; x_wconf 79' lang='lat' dir='ltr'>lilomeues.</span> 
     </span>
    </p>
   </div>
   <div class='ocr_carea' id='block_1_5' title="bbox 0 0 1178 3922">
    <p class='ocr_par' dir='ltr' id='par_1_9' title="bbox 0 0 1178 3922">
     <span class='ocr_line' id='line_1_38' title="bbox 0 0 1178 3922; baseline 0 1"><span class='ocrx_word' id='word_1_268' title='bbox 0 0 1178 3922; x_wconf 95' lang='lat' dir='ltr'> </span> 
     </span>
    </p>
   </div>
  </div>
 </body>
</html>
