2346 3922
954 207 1016 274 ,359

75 344 152 410 duas
167 354 309 412 aestates⁵
327 360 437 414 cuncta
452 374 626 431 camporum
642 375 804 432 omnesque
818 363 931 435 praeter
945 361 1018 419 Hie-

74 451 230 527 rosolyma
258 453 348 510 urbes
377 454 495 512 victore
520 455 657 512 exercitu
683 456 821 515 tenebat.
852 458 1017 516 Proximus

75 549 202 607 annus⁸⁴
215 548 301 606 civili
316 549 396 607 bello
417 550 555 608 intentus
571 553 718 625 quantum
741 554 798 611 ad⁷
819 554 942 613 Judaeos
963 573 1019 630 per

76 649 172 706 otium
200 649 328 707 transit.
357 650 438 708 Pace
463 668 519 726 per
539 650 663 709 Italiam
688 654 792 726 parta,
822 655 856 710 ut
881 655 1017 710 externae

76 766 158 806 curae
184 749 318 820 rediere,
351 752 484 826 augebat
520 752 582 809 iras
618 751 697 826 quod
734 752 790 810 soli
820 753 920 812 Judeei
957 772 1016 812 non

77 849 265 918 cessissent;
305 848 396 906 simul
432 865 557 906 manere
596 848 677 922 apud
716 849 870 908 exercitus
911 851 1017 908 Titum

78 944 117 1001 ad
145 963 248 1003 omnes
274 946 466 1022 principatus
493 947 587 1005 nori8
622 949 750 1007 eventus
783 964 910 1006 casusve
941 948 1018 1030 utile

78 1043 253 1103 videbatur.
340 1078 343 1082 ·

346 219 438 269 uranu
459 221 490 271 v.
515 226 582 270 cnr.
607 205 719 270 9-11.
745 259 747 264 .

122 1165 171 1223 11.
195 1164 298 1239 Igitur
312 1165 438 1233 castris,
457 1165 503 1223 uti
519 1165 667 1234 diximus,
689 1168 761 1224 ante
776 1167 890 1224 moenia
909 1167 1017 1224 Hiero-

75 1263 262 1339 solymorum
298 1265 408 1341 positis
441 1264 607 1323 instructas
653 1263 789 1339 legiones
832 1265 1013 1322 ostentavit.

79 1365 97 1422 J
101 1364 179 1421 udaei
196 1365 250 1423 sub
267 1365 348 1440 ipsos
363 1381 464 1421 muros
480 1367 621 1422 struxere
636 1364 749 1432 aciem,
772 1363 863 1420 rebus
879 1363 1020 1421 secundis

79 1459 202 1535 longius
226 1462 332 1522 ausuri
361 1465 408 1532 et,
441 1465 467 1520 si
496 1464 694 1538 pellerentur,
727 1464 836 1538 parato
865 1461 1017 1539 perfugio.

79 1558 192 1616 Missus
209 1559 239 1616 in
252 1577 303 1616 eos
315 1577 406 1634 eques
422 1579 490 1618 cum
501 1561 652 1637 expeditis
665 1561 859 1619 cohortibus¹
875 1561 1020 1635 ambigue

80 1658 229 1726 certavit;
253 1675 324 1716 mox
348 1676 466 1717 cessere
491 1661 607 1729 hostes;
637 1662 668 1717 et
693 1659 892 1734 sequentibus
913 1659 1021 1717 diebus

81 1753 189 1810 crebra
217 1770 272 1827 pro
301 1755 399 1829 portis
433 1756 544 1831 proelia
572 1758 731 1826 serebant,
763 1756 858 1813 donec
887 1755 1021 1813 assiduis

14 1911 18 1919 ,
81 1850 199 1909 damnis
225 1851 309 1909 intra
333 1854 446 1911 moenia
470 1853 670 1929 pellerentur.
698 1854 830 1912 Romani
852 1853 890 1910 ad
905 1869 1019 1928 oppug-

82 1949 215 2007 nandum
232 1951 342 2019 versi²‚
366 1968 462 2027 neque
482 1954 563 2011 enim
583 1953 708 2026 dignum
728 1952 893 2010 videbatur
910 1950 1021 2008 famem

80 2049 215 2106 hostium
230 2051 381 2125 opperiri,
398 2053 622 2127 poscebantque
637 2050 787 2126 pericula,
806 2068 877 2126 pars
889 2051 1017 2118 virtute,

81 2147 170 2204 multi
185 2145 300 2206 ferocia
315 2152 346 2207 et
361 2150 503 2225 cupidine
518 2150 723 2225 praemiorum,
736 2189 740 2192 ⁴
755 2150 818 2225 Ipsi
834 2150 905 2208 Tito
921 2151 1020 2208 Roma

81 2248 114 2304 et
129 2248 218 2322 opes³
234 2247 468 2324 voluptatesque
488 2250 560 2304 ante
576 2246 693 2315 oculos,
711 2264 746 2303 ac
767 2246 800 2303 ni
818 2231 926 2304 ¹statim
948 2247 1020 2304 Hie·

82 2345 237 2420 rosolyma
251 2331 460 2414 conciderent,
478 2345 611 2403 morari⁴
625 2344 822 2404 videbantur.
840 2343 899 2403 Sed
915 2347 1021 2405 urbem

81 2441 210 2500 arduam
235 2444 297 2502 situ
323 2460 416 2519 opera
440 2443 612 2517 molesque⁵
636 2441 850 2513 firmaverant,
880 2445 948 2518 quis
970 2444 1022 2503 vel

116 2617 138 2658 5.
152 2611 221 2659 Duae
230 2619 333 2669 aestates,
345 2612 408 2661 dans
416 2613 452 2663 les
462 2612 528 2660 deux

82 2690 232 2790 qampagnes
243 2677 275 2725 de
291 2684 319 2725 67
334 2687 358 2726 et
376 2677 408 2726 de
425 2685 454 2726 68
472 2693 526 2743 apr.

116 2813 139 2855 θ.
159 2806 294 2855 Proximus
313 2823 411 2864 contre,
432 2805 529 2856 l'aune'e

83 2879 126 2930 69,
147 2875 178 2920 ou
195 2871 286 2930 Galba,
307 2871 399 2929 Othon,
414 2872 529 2921 Vitellius

83 2953 111 2986 se
123 2937 284 2986 succederent
296 2937 315 2986 si
330 2937 493 3002 rapidemeut.

119 3010 141 3052 7.
160 3004 289 3064 Quantum
301 3006 335 3051 od
352 3018 386 3051 sc.
402 3005 526 3065 pertinet,

84 3084 116 3116 au
128 3067 179 3116 lieu
189 3067 220 3115 de
233 3065 393 3131 l'expression
405 3067 529 3132 classique

85 3135 150 3197 praed
164 3135 252 3181 attinet
265 3135 307 3180 ad.

119 3205 141 3246 8.
160 3198 324 3260 Principotus
336 3201 407 3254 nevi,
421 3199 445 3247 le
455 3201 530 3263 regne

85 3263 121 3312 de
133 3262 276 3327 Vespasien.

123 3337 175 3376 11.
196 3337 217 3375 1.
238 3328 396 3387 cohortibus,
416 3328 530 3378 cohortes

85 3392 242 3450 auxiliaires,
263 3409 319 3442 sens
335 3409 384 3458 que
404 3410 432 3442 ce
446 3402 496 3442 mot
516 3409 530 3442 a

84 3457 199 3529 toujours
216 3459 299 3528 quand
314 3460 350 3510 les
368 3459 482 3513 cohortes
498 3459 531 3510 le·

577 2608 1022 2676 glonnaircsuesontpasclairement

578 2675 717 2740 designees.

610 2748 632 2789 2.
656 2741 866 2797 vaniscente,
892 2756 918 2788 se
938 2740 1021 2805 dispo-

578 2809 661 2856 rbrent
673 2809 687 2854 a
699 2805 817 2870 l’attaque
828 2805 860 2855 de
873 2807 896 2854 la
907 2806 974 2854 ville.

611 2879 633 2920 3.
654 2871 729 2933 Opes,
740 2870 893 2935 l'opulence,
904 2872 940 2920 les
952 2887 1022 2938 gran-

578 2937 653 2986 deurs
665 2937 697 2985 de
709 2937 793 2986 Rome.

610 3010 633 3051 4.
652 3003 761 3059 Morari,
785 3002 846 3050 dans
858 3000 882 3050 le
894 3017 950 3050 sens
963 3018 1021 3051 neu-

579 3075 632 3115 trc:
647 3066 683 3114 les
695 3067 831 3131 grandense
843 3076 868 3114 et
879 3065 915 3115 les
924 3066 1022 3131 plaisirs

580 3132 611 3181 de
627 3132 703 3180 Rome
716 3131 750 3180 lui
763 3131 910 3181 semblaient
929 3134 1021 3192 tardor,

580 3196 649 3245 venir
661 3206 716 3260 trop
728 3197 898 3246 tardivement.

613 3271 634 3312 5.
655 3263 739 3320 Moles,
751 3261 888 3311 d'e'normes
900 3263 1022 3328 quartiers

580 3327 612 3375 de
635 3327 729 3391 pierres
752 3328 814 3376 dans
836 3329 872 3376 les
895 3329 1023 3378 soubasse-

581 3402 660 3442 ments
673 3393 715 3456 qui
725 3391 882 3444 soutenaient
900 3396 935 3444 les
956 3394 1023 3446 lorti·

581 3457 702 3512 fications.
