2346 3922
186 188 226 253 94
409 206 553 254 CORNELII
573 205 674 250 unum
694 203 906 249 msncnmuun

186 336 381 413 peregrinam
403 339 530 413 stirpem
550 336 777 406 antecelleret⁵,
806 335 874 411 ipsa
898 349 991 409 quam
1016 331 1125 403 intnle

185 439 257 495 rant
268 437 398 495 scientia
411 437 546 513 hospites
558 452 691 495 cessere:
705 435 826 494 tantum
841 430 1012 507 Cinyrades
1024 447 1123 499 sacer·

185 541 239 599 dos
258 540 439 601 consulitur.
467 540 600 609 Hostiae,
617 542 653 598 ut
673 538 802 614 quisquc
821 536 925 604 vovit,
950 533 1002 593 sed
1023 545 1124 601 massas

185 639 395 713 deliguntur⁶:
413 639 586 697 certissima
599 637 675 696 fides
689 635 846 697 haedorum
858 633 976 692 iibris⁷.
994 631 1123 707 Sangui-

182 737 254 793 'nem
280 752 342 792 arae
367 734 521 794 offundere
545 735 699 794 vetitum:
725 732 868 808 precibus
892 732 924 790 et
951 729 1024 804 igne
1048 745 1125 804 puro

185 834 298 892 altaria
318 833 508 904 adolentur⁸,
537 852 592 895 neo
617 834 689 893 ullis
719 830 870 891 imbribus
888 845 1072 905 quamquam
1092 829 1126 886 in

186 933 292 1006 aperto
304 930 490 992 madescunt.
505 932 710 990 Simulacrum
721 929 785 987 deae
796 945 857 986 non
869 925 968 1000 effigie
978 926 1124 994 humana.

188 1030 351 1087 continuus
370 1029 471 1087 orbis⁹
491 1029 602 1088 latiore
622 1029 712 1087 initio
731 1030 854 1086 tenuem
863 1026 886 1062 ¹⁰
914 1025 947 1083 in
975 1024 1127 1083 ambitum

187 1128 306 1184 metae¹l
322 1126 409 1185 modo
425 1143 608 1204 exsurgens;
626 1129 658 1185 et
678 1125 792 1185 ratio¹²
812 1125 845 1183 in
861 1123 1001 1183 obscuro.

228 1233 258 1289 4.
277 1231 365 1289 Titus
380 1233 517 1306 spectata
529 1231 704 1307 opulentia¹
721 1229 869 1311 donisque
882 1243 990 1302 regum
1000 1242 1128 1302 quaeque

187 1330 250 1389 alia
270 1329 374 1388 laetum
405 1331 644 1405 antiquitatibus
678 1331 855 1398 Graecorum
878 1342 975 1402 genus
1000 1324 1129 1383 incertae

187 1427 337 1485 vetustati
362 1426 496 1501 affingit,
522 1427 558 1486 de
578 1427 777 1502 navigatione
802 1425 934 1502 primum
959 1421 1126 1482 consuluit.

189 1527 357 1600 Postquam
378 1526 471 1600 pandi
490 1526 574 1585 viam
593 1529 624 1584 et
643 1543 727 1585 mare
745 1541 925 1601 prosperum
938 1521 1074 1597 accepit,
1090 1520 1130 1577 de

189 1641 221 1682 se
236 1640 291 1698 per
311 1624 454 1698 ambages
476 1624 648 1700 interrogat
668 1625 756 1683 eaesis
775 1621 981 1698 compluribus
1002 1618 1126 1680 hostiis.

190 1722 349 1780 Sostratus
376 1721 537 1796 (sacerdoti
560 1722 592 1780 id
613 1738 722 1779 nomen
741 1720 817 1796 erat>
844 1718 897 1777 ubi
917 1717 989 1776 laeta
1008 1717 1040 1774 et
1058 1733 1129 1774 con·

191 1819 334 1893 gruentia
364 1821 435 1876 exta
462 1819 642 1896 magnisque
674 1817 840 1877 consultis²
874 1832 1010 1874 annuere
1040 1813 1131 1873 deam

191 1917 293 1986 videt,
320 1933 419 1991 pauca
437 1917 469 1975 in
489 1934 623 1992 praesens
643 1920 674 1976 et
692 1917 784 1976 solita
808 1914 1008 1990 respondens,
1031 1913 1131 1988 petito

192 2015 328 2073 secreto³
347 2014 452 2073 futura
472 2015 582 2090 aperit.
615 2015 705 2074 Titus
723 2015 813 2072 aucto
832 2012 934 2071 animo
953 2011 991 2068 ad
1010 2013 1130 2085 patrem

192 2115 354 2188 pervectus
374 2113 530 2188 suspensis
551 2112 780 2188 provinciarum
795 2114 825 2171 et
839 2109 1030 2169 exercituum
1047 2125 1130 2167 men-

192 2209 277 2267 tibus
296 2209 521 2283 ingensrerum
535 2209 665 2268 fiducia⁴
684 2209 824 2268 accessit.

235 2310 462 2387 Profligaverat
477 2313 589 2371 bellum
608 2311 777 2372 Judaeicum
791 2310 1014 2386 Vespasianus,
1036 2328 1132 2386 oppu-

194 2409 339 2484 gnatione
351 2411 634 2487 Hierosolymorum
644 2411 779 2486 reliqua,
796 2411 872 2469 duro
883 2411 982 2484 magis
993 2413 1025 2469 et
1034 2398 1133 2469 arduo

195 2527 285 2585 opere
301 2509 338 2566 ob
359 2509 535 2584 ingeniumB
559 2510 672 2568 montis
697 2513 728 2569 et
754 2509 959 2585 pervicaciam
986 2509 1133 2585 supersti-

230 2638 253 2680 5.
273 2629 423 2682 Antecellere
442 2649 500 2683 avec
520 2631 589 2683 l’acc.
608 2648 639 2682 au

690 2631 770 2681 aurait
786 2648 819 2698 pu
833 2632 969 2697 remplacer
985 2631 1010 2681 la
1024 2632 1134 2700 descrip-

196 2695 248 2745 lieu
261 2696 295 2744 du
308 2696 372 2746 datii
382 2697 443 2747 n'est
452 2714 496 2764 pas
506 2698 638 2763 classique.

691 2697 821 2756 tion,mais
828 2698 911 2747 Tacite
922 2697 985 2746 erite
993 2697 1031 2747 les
1041 2707 1133 2749 termes

230 2769 253 2809 6.
277 2762 437 2825 Deliquutur.
462 2765 509 2813 Les
532 2763 641 2813 victimes

198 2836 254 2875 sont
277 2826 352 2877 celles
378 2828 453 2893 qu'on
473 2845 487 2878 a
499 2827 639 2942 (promises,

198 2907 293 2957 pourvu
307 2908 355 2957 que
366 2910 394 2943 ce
406 2893 486 2943 soient
517 2910 542 2944 es
554 2894 639 2943 miles.

231 2964 254 3008 7.
272 2959 294 3007 F
295 2959 357 3008 ibris
368 2981 402 3002 =
412 2962 488 3017 eutis,
503 2959 639 3008 entrailles.

232 3029 254 3072 8.
282 3023 433 3083 Adeieutur,
461 3040 493 3073 on
516 3023 577 3074 effre
599 3041 642 3073 sur

197 3088 313 3140 l'autel...
586 3141 588 3145 ,

232 3161 254 3202 9.
274 3154 412 3204 Continuus
424 3155 504 3213 orbis,
517 3168 588 3220 corps
598 3153 643 3204 cir-

199 3218 379 3269 culaire'd'une
391 3219 470 3284 pidce.

235 3291 269 3334 10.
291 3285 397 3334 Teuuem
417 3288 445 3334 iu
467 3286 588 3335 ambitum
604 3301 644 3334 cu·

200 3365 313 3413 surgens,
327 3350 344 3398 il
357 3350 445 3400 s'elduc
453 3366 484 3401 en
493 3350 642 3400 diminuant.

237 3421 272 3464 11.
291 3416 359 3465 Metu
374 3417 459 3475 modo,
480 3431 574 3467 comme
594 3431 643 3465 une

201 3478 293 3541 borne,
308 3497 342 3530 un
354 3486 426 3533 edne.
446 3481 480 3532 Le
500 3492 551 3532 mot
569 3496 645 3533 coum

690 2763 773 2813 techni
792 2778 836 2812 ues
844 2763 876 2812 de
887 2763 911 2811 la
922 2761 961 2811 vie
969 2761 1131 2826 journalidre.

725 2835 760 2877 li.
802 2831 865 2886 atio,
883 2827 1010 2888 lamisem,
1023 2829 1048 2878 la
1059 2830 1134 2896 signi-

691 2893 790 2943 fication
802 2893 834 2942 de
844 2902 909 2942 cette
921 2893 1007 2942 forme.

725 2966 756 3008 4.
776 2967 796 3008 1.
811 2958 946 3021 opulentia
955 2975 990 3007 sc.
1003 2963 1098 3023 tempii.

724 3031 747 3098 ²:
766 3025 856 3088 Meque
883 3026 1011 3084 costaalta,
1041 3027 1134 3092 grands

690 3098 792 3155 projets.

725 3162 747 3204 3.
767 3153 894 3204 Eutretien
912 3165 1000 3205 secret.

724 3227 747 3270 4.
766 3221 888 3278 Fiducia,
899 3217 1132 3274 attributde'l'iius:

693 3285 713 3348 il,
723 3284 761 3333 lut
772 3301 806 3333 un
823 3285 935 3349 puissant
946 3286 1019 3336 motis
1034 3287 1067 3337 dc
1077 3304 1135 3339 con-

693 3350 771 3399 iiance
783 3350 844 3399 dans
856 3351 892 3399 les
900 3353 1067 3403 ivenemcnts.

726 3423 749 3464 5.
768 3415 909 3478 lusesium,
929 3417 953 3465 la
964 3426 1052 3467 nature
1066 3418 1099 3467 dc
1110 3419 1136 3470 la

693 3491 835 3548 montagne.
849 3481 988 3532 Jerusalem
994 3482 1054 3534 etait
1066 3482 1135 3538 hatis
