2346 3922
397 270 486 316 urana
507 274 529 317 1.
553 273 619 316 car.
645 256 775 318 18-20.
1015 254 1056 319 25

116 399 203 460 facili
222 401 351 461 civitate
365 402 403 461 ad
421 403 599 480 accipienda
613 403 822 480 credendaque
842 404 944 462 omnia
958 421 1053 473 nova,

118 518 187 559 cum
201 501 309 561 tristia
324 505 412 571 sunt,
431 507 614 561 censuerant
630 505 734 578 patres
749 502 914 561 mittendos
929 503 966 560 ad
983 504 1055 562 Ger-

117 600 273 658 manicum
302 600 470 658 exercitum
495 600 623 677 legatos.
655 601 816 677 Agitatum
842 603 958 659 secreto
984 619 1056 659 num

117 698 150 754 et
164 697 240 756 Piso
256 697 512 772 proficisceretur,
529 697 663 773 majore⁵
677 702 843 774 praetexto,
867 699 933 757 illi⁶
954 702 1056 757 aucto-

115 795 244 854 ritatem
272 800 413 866 senatus,
444 797 494 855 hic
523 797 732 871 dignationem
761 798 891 858 Caesaris
924 798 1054 859 laturus.

117 892 268 951 Placebat
282 890 313 952 et
328 894 480 952 Laconem
495 894 634 968 praetorii
651 895 827 969 praesectum
843 895 933 952 simul
951 895 1033 953 mitti
1048 919 1054 951 2

115 990 143 1047 is
168 991 298 1048 consilio
324 992 508 1054 intercessit.
537 993 648 1068 Legati
676 1011 794 1068 quoque
824 994 904 1068 (nam
934 995 1057 1051 senatus

115 1088 299 1148 electionem
314 1089 419 1149 Galbae
433 1091 629 1167 permiserat)
645 1091 725 1149 foeda
739 1091 947 1150 inconstantia
963 1092 1056 1149 nomi-

115 1187 199 1255 nati,
231 1187 386 1256 excusati,
424 1189 600 1260 substituti,
635 1190 752 1248 ambitu
781 1190 978 1248 remanendi⁷
1002 1191 1057 1247 aut

115 1285 224 1355 eundi,
243 1289 277 1344 ut
292 1304 441 1362 quemque
454 1291 553 1346 metus
568 1288 618 1346 vel
633 1302 701 1364 spes
716 1287 889 1363 impulerat.

157 1384 210 1444 20.
237 1385 384 1444 Proxima
402 1383 539 1461 pecuniae
556 1404 647 1455 cura;
669 1390 700 1444 et
719 1388 829 1444 cuncta
848 1386 1057 1444 scrutantibus

110 1480 323 1556 justissimum
344 1482 445 1541 visum
466 1488 512 1541 est
532 1484 603 1542 inda
623 1483 722 1558 repeti
748 1483 800 1540 ubi
826 1483 938 1556 inopiae
965 1499 1057 1540 causa

113 1581 195 1656 erat.
224 1579 280 1637 Bis
301 1583 333 1638 at
357 1581 453 1639 vicies
478 1582 591 1639 millies
620 1581 813 1639 sestertium¹
843 1580 1059 1638 donationibus

116 1676 202 1735 Nero
234 1677 393 1736 effuderat:
424 1679 593 1755 appellari²
621 1679 759 1755 singulos
782 1678 894 1754 jussit,
932 1679 1057 1736 decuma

116 1775 207 1848 parte
228 1772 428 1835 liberalitatis
452 1777 531 1851 apud
558 1794 706 1852 quemque
732 1794 836 1834 eorum
867 1777 992 1836 relicta
1015 1778 1058 1836 At

116 1870 181 1929 illis
205 1871 261 1930 vix
281 1873 414 1931 decumae
435 1875 544 1949 super3
565 1875 721 1950 portiones
742 1879 847 1946 erant,
872 1876 967 1933 isdem
983 1892 1056 1950 erga

116 1969 219 2027 aliena
245 1971 434 2045 sumptibus*
460 1973 570 2047 quibus
591 1990 646 2030 sua
671 1973 890 2048 prodegerant,
918 1991 986 2031 cum
1008 1991 1055 2030 ra·

113 2066 282 2142 'pacissima
300 2069 409 2144 cuique
428 2086 463 2126 ac
477 2070 685 2144 perditissimo
700 2089 761 2129 non
776 2071 844 2146 agri
860 2073 913 2129 aut
928 2070 1053 2140 faenus5,

116 2165 170 2222 sed
192 2165 256 2223 sola
278 2166 502 2224 instrumenta⁶
523 2166 670 2225 vitiorum
695 2170 864 2227 manarent.
893 2168 1056 2226 Exactioni

150 2333 173 2378 5.
192 2329 420 2390 Majoreproeteuto,
432 2326 562 2393 pourdon-

117 2408 163 2441 ner
179 2394 236 2457 plus
253 2391 356 2450 declat,
375 2393 431 2458 plus
447 2392 562 2457 d’impor-

116 2467 189 2506 tancc
200 2461 214 2505 a
226 2457 395 2508 l'ambassude.
408 2459 561 2509 Proeteoetum

118 2526 283 2584 (proeteusre),
304 2523 366 2572 dans
386 2539 414 2574 ce
437 2540 502 2581 sens,
524 2533 561 2572 est

116 2586 256 2650 posttrieur
273 2588 424 2654 adugustc3
437 2589 495 2639 e'est
507 2605 561 2654 pro·

115 2661 230 2715 prement
241 2668 270 2702 cc
282 2654 324 2719 qui
333 2654 452 2704 estbrode
461 2655 559 2712 devant,

115 2727 254 2766 ornament.

150 2788 173 2831 6.
191 2783 233 2831 lui
252 2794 370 2834 sous-ent.
389 2786 463 2848 leuati
479 2801 561 2834 semum

117 2847 197 2895 laturi
209 2863 241 2896 ou
253 2851 371 2908 allaturi,
388 2865 481 2900 comme
493 2851 513 2899 si
527 2868 560 2899 uu

116 2911 191 2961 verbe
203 2928 234 2961 au
247 2912 336 2978 plur-iel
349 2915 481 2978 prece'dait.
495 2914 561 2965 C'est

117 2976 182 3090 plone
205 2994 255 3028 une
277 2979 443 3030 construction
468 2979 561 3047 irregu-

128 3040 188 3091 iere.

149 3115 171 3157 t.
191 3107 293 3158 Ambitu
319 3111 478 3168 remanendi,
516 3125 562 3175 par

92 3173 94 3176 ⁴
117 3172 180 3222 suite
191 3174 236 3223 des
251 3173 370 3239 intrigues
381 3191 445 3240 pour
457 3185 542 3226 nester.

152 3247 205 3287 ιο.
239 3248 259 3288 1.
287 3240 329 3288 Bis
351 3268 384 3276 -
405 3244 558 3298 sestertium,

117 3302 261 3369 vingt-deux
278 3303 346 3354 mille
366 3303 413 3355 tois
425 3315 481 3355 cent
492 3306 561 3354 mille

117 3379 235 3419 sesterces
257 3370 308 3434 (car
326 3373 467 3420 sestertium
489 3374 560 3436 apres

117 3433 562 3502 l'adserhedenomhreestpourreu-

117 3505 173 3550 tsuu
183 3502 265 3550 musta
273 3504 425 3561 sestertium,
438 3519 459 3551 v.
472 3501 556 3554 Gustu.

609 2335 647 2386 40,
662 2327 713 2392 du),
727 2328 810 2393 ecqui
824 2327 868 2378 isit
879 2334 936 2377 2200
947 2328 1055 2378 millious

610 2393 643 2442 dc
654 2402 784 2451 sesterces,
802 2411 835 2444 ou
850 2400 1000 2451 mactatos
1013 2394 1054 2453 lu,

610 2458 634 2506 lc
646 2468 752 2508 sesterce
764 2463 831 2509 etant
843 2459 929 2507 evulus
940 2461 954 2507 d
967 2467 993 2508 al
1007 2475 1028 2507 c.

644 2531 667 2572 2.
686 2523 826 2586 Appellum'.
849 2524 869 2572 ll
896 2523 923 2572 fit
949 2539 1057 2572 summer

610 2588 705 2637 chacun
724 2590 755 2638 de
771 2590 860 2640 rendre
872 2604 900 2638 ce
916 2587 976 2652 qu'il
993 2589 1057 2638 avait

611 2669 678 2712 recu.

643 2728 665 2769 3.
678 2721 761 2784 Super
768 2737 795 2783 p.
807 2728 888 2779 eruut,
898 2721 974 2768 tmbse
984 2720 1057 2784 (pour

610 2788 780 2849 supereraut),
800 2785 882 2835 imitde
899 2783 943 2833 des
960 2789 1053 2849 poetes.

643 2859 666 2899 4.
685 2852 764 2900 lsdem
784 2880 817 2888 -
838 2851 977 2913 sumptibus
994 2851 1053 2914 (abl.

610 2915 684 2973 aba),
703 2916 792 2965 faisant
810 2917 845 2965 les
862 2920 954 2966 memes
966 2909 1057 2980 depen-

611 2996 649 3029 ses
669 2981 797 3045 dt’dpurd
815 2981 849 3030 du
869 2981 928 3030 bien
948 2979 1054 3029 d'sutrui

610 3069 643 3088 =
654 3047 744 3096 asecle
755 3045 813 3095 bien
825 3046 940 3095 d'autrui.

643 3119 665 3160 5.
685 3112 706 3159 F
707 3127 787 3169 oeuus,
806 3127 908 3161 serenus
920 3110 978 3159 d’un
991 3110 1056 3175 capi-

611 3175 653 3232 tal,
667 3176 728 3225 mais
746 3176 811 3225 aussi
830 3177 854 3226 le
870 3177 961 3242 capital
977 3180 1056 3225 mtmc

609 3244 680 3304 prete
699 3244 714 3290 a
734 3241 832 3298 intertt,
845 3257 940 3291 comme
960 3240 1001 3289 ici.
1015 3240 1053 3289 Cf.

610 3306 692 3355 Germ.
706 3313 743 3362 26,
757 3317 815 3355 note
828 3316 849 3356 1.

643 3377 665 3421 6.
685 3371 864 3422 iustrumenta.
883 3373 916 3422 Cc
937 3381 992 3420 sont
1012 3371 1055 3420 des

611 3434 1057 3498 objetsdeluxe,chevaun‚esclaues,

609 3500 692 3566 baius,
706 3503 822 3558 meubles
837 3502 1020 3576 dispendiosa.

1000 3610 1021 3653 2
