2346 3922
179 234 241 294 270
406 249 551 292 coanann
571 248 671 291 raom
692 246 905 289 msvcamavm

179 380 245 438 Nec
270 378 468 455 providerant
497 380 644 455 impetum
670 379 804 437 hostium
832 375 963 447 milites,
993 395 1066 447 nec,
1094 378 1121 436 si

178 478 401 553 providissent,
429 477 504 536 satis
526 479 639 536 virium
665 478 703 536 ad
728 474 893 535 arcendum
914 478 1000 546 erat;
1029 481 1122 553 capta

179 576 277 651 igitur
296 594 332 634 ac
353 577 473 652 direpta
494 579 606 636 castra.
638 578 717 635 Dein
742 592 838 651 vagos
863 576 894 633 et
918 576 1005 651 pacis
1031 579 1120 636 modo

178 673 287 731 effusos
301 673 381 732 lixas
392 676 658 751 negotiatoresque
670 677 826 735 Romanos
837 675 999 736 invadunt.
1020 675 1120 734 Simul

179 772 307 831 excidiis
322 772 516 832 castellorum
538 775 753 843 imminebant,
777 789 877 847 quaea
896 772 1052 848 praefectis
1074 791 1120 850 co-

178 871 313 928 hortium
322 871 345 906 ¹⁴
361 871 484 927 incensa
499 875 584 942 sunt,
599 874 672 947 quia
683 870 803 930 defendi
819 870 1000 945 nequibant.
1020 871 1119 946 Signa

178 967 352 1041 vexillaque
374 968 404 1024 et
424 969 503 1042 quod
512 971 535 1006 ¹⁵
556 969 691 1027 militum
706 969 737 1025 in
760 968 947 1044 superiorem
960 970 983 1005 ¹⁶
1010 969 1120 1028 insulae

178 1068 295 1141 partem
317 1067 555 1141 congregantur,
579 1066 654 1123 duce
670 1066 795 1140 Aquilio
815 1064 1005 1140 primipilari
1015 1067 1048 1135 ¹⁷,
1067 1084 1118 1124 no-

177 1180 246 1220 men
270 1163 368 1237 magis
394 1163 547 1220 exercitus
577 1180 668 1237 quam
696 1162 800 1220 robur.
829 1163 964 1239 Quippe,
997 1165 1120 1224 viribus

178 1262 347 1319 cohortium
363 1261 517 1330 abductis,
535 1260 681 1320 Vitellius
696 1278 712 1318 e
728 1262 876 1336 proximis
897 1263 1088 1322 Nerviorum
1098 1265 1121 1301 ¹⁸

178 1359 456 1434 Germanorumque
465 1360 487 1395 ¹⁹
524 1359 612 1434 pagis
641 1361 797 1434 segnem²⁰
830 1378 990 1419 numerum
1024 1363 1121 1422 armis

180 1460 373 1516 oneraverat.

220 1556 268 1615 16.
294 1554 404 1613 Civilis
425 1553 493 1612 dolo
519 1552 720 1628 grassandum
741 1554 828 1613 ratus
843 1554 999 1614 incusavit
1013 1557 1115 1615 ultro¹

178 1654 336 1731 praefectos
349 1653 427 1728 quod
439 1652 565 1711 castella
577 1651 801 1716 deseruissent:
816 1670 881 1712 sese
897 1671 965 1712 cum
978 1656 1117 1726 cohorte,

177 1754 226 1811 cui
241 1754 402 1828 praeeram,
420 1751 652 1810 Canninefatem
667 1750 833 1810 tumultum
852 1770 1117 1828 compressurum;

178 1853 225 1911 illi
246 1868 301 1910 sua
322 1851 450 1926 quisque
472 1851 601 1909 hiberna
612 1853 798 1926 repeterent.
827 1851 959 1911 subesse
979 1852 1121 1913 fraudem

177 1950 305 2010 consilio
331 1952 362 2008 et
387 1949 541 2025 dispersas
565 1951 706 2009 cohortes
732 1950 854 2010 facilius
883 1953 1032 2028 opprimi,
1063 1973 1120 2012 nec

176 2048 364 2106 Brinnonem
389 2047 495 2104 ducem
514 2047 578 2123 ejus
603 2048 676 2105 belli
692 2049 744 2106 sed
760 2048 893 2107 Civilem
908 2067 974 2108 esse
994 2053 1116 2126 patuit,

176 2146 406 2221 erumpentibus
431 2144 580 2221 paulatim
605 2145 744 2214 indiciis,
768 2163 835 2220 quac
862 2149 1022 2217 Germani,
1045 2148 1121 2207 laeta

176 2245 256 2304 bello
271 2231 361 2319 gens,
380 2261 439 2301 non
455 2244 506 2301 diu
522 2242 761 2304 occultaverant.
791 2243 852 2302 Ubi
870 2245 992 2304 insidiae
1006 2264 1119 2322 parum

177 2359 308 2409 cessere,
332 2341 370 2400 ad
391 2341 454 2398 vim
479 2343 690 2414 transgressus
715 2340 949 2413 Canninefates,
978 2344 1114 2413 Frisios,

176 2443 310 2500 Batavos
334 2441 468 2517 propriis
493 2441 618 2498 cuneis³
644 2440 814 2516 componit;
842 2439 966 2497 derecta
999 2457 1038 2497 ex
1072 2440 1118 2498 di·

211 2598 245 2640 14.
265 2591 423 2647 cohortium,
445 2587 489 2637 des
506 2589 619 2638 cohortes
670 2604 727 2638 sans
739 2588 815 2638 doute
827 2589 872 2638 des
883 2588 1003 2654 langres,
1018 2589 1062 2653 qni
1076 2589 1118 2639 ha-

177 2655 300 2721 gaulcises
314 2654 466 2703 auxiliaires.
670 2653 776 2704 bitaient
798 2664 869 2704 entre
891 2655 927 2702 les
948 2653 1069 2703 Nerviens
1093 2664 1118 2704 et

210 2730 245 2771 15.
264 2722 297 2770 Et
310 2723 374 2784 quod
390 2737 424 2769 sc.
439 2726 503 2769 erat.
669 2721 694 2768 la
706 2721 789 2768 Mense
807 2720 906 2783 (auteur
923 2719 954 2768 de
972 2720 997 2768 la
1009 2719 1068 2769 ville
1085 2720 1117 2769 de

211 2795 246 2836 lc.
265 2787 439 2849 Superiorem,
458 2783 537 2849 partie
549 2784 621 2849 supe·
669 2785 797 2850 langres),
811 2795 836 2834 et
847 2784 891 2834 des
903 2785 1031 2850 Gugemes
1041 2786 1115 2835 surla

176 2853 258 2902 rieurc
270 2868 314 2916 par
332 2859 434 2915 rapport
451 2866 482 2898 au
500 2866 573 2899 cours
585 2849 619 2897 du
669 2851 720 2900 rive
735 2851 830 2916 gauche
847 2850 880 2898 du
898 2850 963 2900 Rhin
984 2850 1113 2901 inferieur.

176 2918 258 2976 Rhin‚
281 2933 333 2966 vers
357 2916 472 2965 l'cndroit
496 2919 528 2965 ch
552 2914 570 2963 il
593 2931 620 2962 se
702 2923 739 2966 20.
758 2915 1117 2981 Sepuie,indaleht‚peudis·

176 2984 293 3048 bifurque
312 2999 375 3047 pour
392 2981 482 3031 former
501 2979 551 3030 t‘vle
576 2980 619 3029 des
669 2984 729 3046 pose
739 2985 752 3030 h
764 2982 900 3031 combattre
910 2999 916 3040 ς
927 2980 959 3029 de
969 2981 993 3030 lt
1006 2982 1115 3048 l'emplci

176 3052 287 3099 Bataves.
669 3046 704 3096 du
716 3047 790 3096 verbe
802 3053 959 3096 oneraverat.

211 3123 245 3164 17.
265 3114 440 3176 Principiam,
455 3128 477 3160 v.
487 3111 506 3168 1,
514 3118 550 3168 31,
562 3118 616 3159 n.3.
704 3121 757 3161 10.
775 3121 796 3161 1.
818 3112 950 3161 Accusavit
961 3113 1045 3171 ultra,
1067 3113 1116 3162 alla

210 3188 244 3229 18.
263 3181 362 3236 Neruii,
378 3178 469 3243 pcnple
480 3176 566 3242 belga,
578 3193 620 3225 sur
666 3177 766 3242 jusqu't
781 3193 889 3226 accuser.
903 3177 931 3225 V.
946 3175 1115 3242 l'explication

176 3247 212 3294 les
230 3246 296 3294 deux
321 3244 383 3292 rives
405 3244 436 3292 de
457 3243 481 3290 la
501 3241 617 3300 Sambre,
669 3243 703 3292 du
718 3253 768 3292 mot
781 3245 861 3300 ultro,
876 3242 900 3300 l,
914 3249 936 3298 7,
953 3252 1012 3292 note
1024 3251 1046 3291 7.

176 3320 245 3360 entre
257 3311 363 3359 l'Escaut
375 3318 399 3357 et
411 3310 539 3364 labicum,
554 3306 619 3382 prin·
702 3317 724 3357 2.
757 3309 877 3358 Praeerat.
913 3308 1040 3372 Pourquoi
1072 3325 1115 3374 pas

175 3377 324 3441 cipalement
348 3375 410 3422 dans
432 3375 468 3422 les
491 3388 619 3438 provinces
667 3376 801 3437 praesset?
811 3375 839 3422 V.
850 3373 935 3423 Gantr.
944 3381 999 3431 153,
1011 3381 1039 3431 2,
1053 3389 1113 3423 rem.

176 3443 207 3491 de
220 3441 327 3491 Hainaut
338 3448 363 3488 et
376 3440 407 3488 de
419 3440 519 3488 Namur.
702 3447 724 3488 3.
739 3440 836 3490 Caucis.
846 3438 884 3488 Cf.
895 3437 964 3487 Acies
971 3455 1115 3502 percuteres

202 3516 237 3560 19.
268 3508 466 3562 Gerasenorum.
502 3503 622 3557 C'ctaient
671 3503 1116 3574 ccovpoaitur,l'armeecstdisposee
