2346 3922
927 200 1000 275 '201

56 352 169 429 potior
189 353 314 412 auctor³
330 354 370 413 sit
392 357 425 416 C.
440 359 593 428 Plinins⁴,
612 360 664 434 qui
679 360 848 418 Antonium
864 361 998 431 incusat,

59 451 148 510 h'aud
172 451 262 510 facile
287 452 499 527 discreverim,
528 459 587 516 nisi
610 458 707 533 quod⁵
729 476 827 533 neque
848 460 1001 519 Antonius

60 567 164 624 neque
185 551 318 630 Hormus
338 569 357 610 a
376 551 458 613 fama
472 557 598 631 vitaque
618 573 672 614 sua
691 558 850 631 quamvis⁰
871 561 1001 633 pessimo

59 649 185 724 flagitio
196 649 418 726 degeneravere
426 653 448 711 ⁷.
462 652 532 712 Non
543 653 607 729 jam
624 655 749 728 sanguis
761 671 858 728 neque
873 655 1003 714 ¹vulnera

60 748 264 831 morabantur
299 750 371 823 quin
411 751 593 809 subruerent
627 750 741 809 vallum
778 752 1001 825 quaterentque

62 848 185 920 portas,
214 846 313 904 innixi
335 847 448 922 umeris
474 848 505 904 et
530 863 621 922 super
645 846 789 903 iteratam
814 845 1001 903 testudinem

62 941 244 1024 scandentes
258 945 439 1019 prensarent
453 943 585 1001 hostium
596 942 659 1001 tela
669 942 864 1015 brachiaque.
882 943 1000 1018 Integri

61 1057 133 1097 cum
148 1041 275 1110 sauciis,
300 1042 464 1122 semineces
486 1059 554 1099 cum
575 1041 804 1124 exspirantibus
819 1040 998 1111 volvuntur,

61 1137 153 1195 varia
167 1122 361 1217 pereuntium
378 1139 493 1198 forma8
507 1140 539 1197 et
554 1138 636 1218 omni
652 1139 785 1212 imagine
800 1140 956 1198 mortium.

104 1245 155 1305 29.
180 1229 371 1304 Acerrimum
390 1246 492 1303 tertiae
513 1245 708 1320 septimaeque
727 1244 882 1320 legionum
903 1248 998 1303 certa-

60 1360 149 1415 men;
167 1345 198 1402 et
213 1345 274 1403 dux
285 1345 438 1403 Antonius
453 1362 520 1402 cum
536 1343 662 1402 delectis
677 1342 879 1411 auxiliaribus
895 1342 999 1401 eodem

61 1442 255 1515 incubuerat.
284 1443 460 1515 Obstinatos
483 1427 565 1501 inter
579 1434 628 1501 se¹
651 1459 719 1499 cum
734 1441 887 1499 sustinere
902 1442 998 1501 Vitel-

60 1539 139 1613 liani
155 1540 323 1615 nequirent¹
332 1542 362 1598 et
377 1539 549 1616 superjacta
562 1539 625 1602 tela
639 1539 793 1597 testudine
808 1538 995 1609 laberentur,

60 1638 159 1712 ipsam
170 1620 326 1712 'postremo
341 1637 496 1696 ballistam
512 1637 543 1694 in
559 1638 722 1694 subeuntes
737 1635 912 1711 propulere,
931 1654 998 1710 quae

60 1736 97 1792 ut
110 1735 149 1792 ad
165 1722 301 1819 'praesens
322 1735 443 1811 disjecit
463 1735 625 1808 obruitque
646 1737 739 1808 quos²
761 1735 927 1803 inciderat,
953 1736 998 1793 ita

59 1831 172 1908 pinnas
191 1851 226 1891 ao
242 1851 358 1892 summa
372 1833 446 1891 valli
468 1833 559 1890 ruina
574 1849 628 1891 sua
642 1832 756 1902 traxit3
781 1833 871 1890 simul
888 1831 997 1907 juncta

59 1932 157 1990 turris
174 1915 297 1991 'ictibus
326 1950 469 1991 saxorum
497 1931 599 1989 cessit.
631 1930 697 1995 Qua
725 1930 888 2004 septimani
924 1930 996 1987 dum

42 2095 45 2099 ,
60 2029 204 2085 nituntur
217 2029 336 2097 cuneis,
353 2030 505 2088 tertianus
520 2029 676 2088 securibus
692 2027 862 2102 gladiisque
876 2030 996 2103 portam

58 2108 221 2202 perfregit
244 2128 382 2212 Primum
398 2128 595 2203 irrupisseC
608 2126 796 2187 Volusiumt
798 2130 845 2184 ert
848 2128 885 2184 iae
902 2127 995 2202 legio-

58 2225 108 2282 nis
139 2225 269 2283 militem
298 2226 380 2284 inter
407 2244 510 2312 omnes
540 2227 698 2285 auctores³
730 2228 860 2286 constat.
899 2228 971 2285 Is
963 2246 995 2285 1n

56 2320 174 2412 vallum
189 2339 343 2396 egressus,
357 2304 592 2399 deturbatisqui
606 2325 696 2382 restit
699 2327 787 2382 erant
794 2326 995 2401 ,conspicuus

56 2434 151 2476 manu
166 2436 201 2476 ac
215 2436 289 2477 voce
304 2405 393 2495 capta
408 2405 509 2503 castra
524 2404 741 2491 conclamavit;
759 2424 854 2481 ceteri
865 2425 995 2498 trepidis

51 2515 121 2592 jam
141 2517 318 2577 Vitellianis
344 2536 435 2603 seque
456 2538 473 2577 e
493 2519 575 2632 vallo
599 2520 739 2596 praecipit
741 2538 780 2578 an
782 2522 865 2581 itbus
889 2539 994 2596 perru-

318 223 410 268 amna
430 225 475 270 111
500 226 566 271 our
590 208 722 273 26-29.

90 2677 114 2718 3
125 2668 218 2718 Auctor
218 2679 328 2735 ,garant
336 2669 460 2721 Cf.Ge1m
463 2678 500 2720 23.

89 2743 114 2782 4.
134 2732 160 2784 C
174 2707 287 2792 Pliiee'ue',
299 2746 361 2786 mort
370 2752 401 2786 en
409 2744 437 2785 79
446 2752 499 2800 apr

53 2802 78 2852 J
81 2799 135 2858 ·.‚C
154 2801 204 2849 lors
220 2773 502 2876 del'e'ruptiondqu-

53 2882 130 2925 sure,
152 2865 215 2914 avait
237 2866 310 2926 ecrit,
332 2877 401 2917 entre
418 2877 501 2920 autres

54 2946 189 2996 ouvrages,
211 2947 260 2980 une
279 2905 391 2982 Historia
411 2941 501 2996 tempo-

54 3013 118 3048 rum
129 3012 250 3047 meorum.

90 3071 114 3112 5.
132 3060 187 3112 Niei
195 3063 264 3136 quod
270 3077 372 3136 marque
377 3063 501 3145 quelque-

53 3127 106 3178 tois
117 3143 166 3175 une
174 3126 312 3176 restriction
322 3140 353 3176 au
365 3127 415 3176 lieu
425 3128 449 3176 d'
452 3138 500 3178 u'ue

54 3190 201 3256 exception,
211 3193 500 3272 alorsonpeuttraduiie

54 3274 104 3323 par
120 3259 264 3316 seulement,
283 3259 410 3323 toutefois,
424 3262 497 3309 muts.

53 3323 96 3373 Gi.
107 3322 233 3385 Agricola,
248 3323 287 3372 ch
299 3329 326 3380 6,
340 3332 432 3372 notet.

89 3395 112 3436 d
133 3389 252 3449 Quamuis
264 3387 390 3452 s'ernploie
402 3388 463 3438 dans
475 3390 499 3438 le

52 3452 497 3519 sensadverbialavecdesadjectifs.

551 2670 691 2729 V..,Gantr
712 2676 790 2730 5156,
813 2678 841 2729 5,
861 2681 957 2722 rem.3.

584 2743 606 2785 7
629 2737 824 2799 Degenerooere,
850 2735 880 2785 ils
901 2754 932 2787 ne
953 2739 993 2788 de-

551 2800 684 2850 mentireut
701 2801 726 2849 ni
743 2804 797 2851 leur
809 2807 949 2853 rcnommee
966 2804 992 2852 ni

550 2866 637 2915 leur
617 2882 654 2915 ue
673 2882 718 2930 par
733 2883 760 2916 ee
772 2867 848 2916 crime
868 2877 921 2918 tout
938 2872 994 2918 exo'-

550 2932 633 2981 erable
646 2947 680 2996 qu
682 2931 705 2979 'il
719 2942 764 2980 est

583 3005 604 3046 8
627 2998 856 3078 Vario—sortita,
870 2996 994 3062 perissent

549 3062 581 3110 de
592 3061 734 3112 differentes
746 3062 874 3126 manieres.

585 3136 637 3176 ιθ.
664 3137 684 3177 1.
710 3127 849 3177 Obstiootoe
867 3131 934 3180 inter
953 3144 990 3188 se,

549 3193 585 3242 les
597 3191 689 3242 soldats
709 3193 740 3241 de
759 3194 781 3241 la
793 3200 817 3240 ”te
835 3203 860 3241 et
877 3196 909 3244 de
926 3194 949 3241 la
962 3202 992 3243 8⁶

549 3257 673 3306 rivalisant
689 3257 870 3322 d'opinidtrete.

581 3331 604 3372 2.
624 3324 702 3384 Quor,
724 3323 856 3390 poetique,
878 3339 942 3390 pour
964 3325 992 3372 iu

548 3405 615 3451 quos.

581 3462 602 3503 3.
622 3453 734 3515 Antores.
748 3453 776 3502 V.
790 3453 814 3512 1,
829 3461 855 3512 1,
868 3463 926 3504 note
939 3461 960 3503 3.
