2346 3922
368 264 460 309 amaa
479 265 521 309 1v.
546 265 612 323 cnr.
637 245 770 306 62-64.
999 245 1057 306 321

112 396 196 454 forte
217 395 307 455 obvio
323 395 521 454 interfectore
535 393 660 455 Voculae
685 393 840 467 Longino,
858 393 1005 470 conjectis
1027 395 1060 453 in

113 510 186 552 eum
196 493 268 552 telis
284 493 409 551 initium
420 492 614 551 exsolvendae
626 492 658 549 in
670 494 826 565 posterum
838 492 935 568 culpae
947 494 1060 552 fecere.

115 581 268 672 Legiones
287 595 366 653 nihil
380 596 498 653 mutato
514 594 626 652 itinere
641 595 713 651 ante
728 593 841 651 moenia
855 594 1062 654 Treverorum

116 694 293 753 considunt.

159 794 210 852 63.
235 793 344 852 Civilis
358 794 389 850 et
404 791 572 861 ClassicnS,
589 792 680 849 rebus
696 791 836 850 secundis
852 792 980 860 sublati,
1003 778 1062 851 an¹

117 889 289 949 coloniam²
299 889 556 965 Agrippinensem
571 887 775 963 diripiendam
791 890 980 948 exercitibus
997 891 1061 950 suis

118 987 336 1064 permitterent
357 985 548 1044 dubitavere.
579 985 709 1043 Saevitia
730 985 847 1059 ingenii
869 988 901 1043 et
918 987 1060 1062 cupidine

120 1086 232 1164 praedae
256 1086 295 1144 ad
319 1086 472 1144 excidium
501 1084 640 1142 civitatis
665 1083 885 1155 trahebantur;
921 1086 1063 1144 obstabat

121 1187 203 1244 ratio
232 1185 306 1243 belli
335 1187 366 1242 et
394 1201 507 1242 novum
536 1183 698 1257 imperium
731 1183 947 1242 inchoantibus
976 1185 1063 1242 utilis

122 1283 294 1342 clementiae
321 1281 413 1341 fama.
452 1281 582 1341 Civilem
612 1281 706 1338 etiam
742 1280 881 1338 beneficii
917 1283 1064 1339 memoria

121 1385 226 1454 flexit,
245 1383 323 1459 quod
337 1382 436 1440 filium
458 1382 523 1457 ejus
545 1382 644 1456 primo
659 1398 762 1439 rerum
783 1383 867 1439 motu
890 1382 921 1438 in
943 1382 1063 1439 colonia

122 1481 344 1558 Agrippinensi
368 1481 590 1555 deprehensum
618 1480 768 1536 honorata
789 1479 927 1537 custodia
952 1480 1065 1538 habue-

121 1582 206 1640 rant.
231 1580 290 1639 Sed
311 1579 546 1638 transrhenanis
567 1579 711 1653 gentibus
732 1578 834 1637 invisa
856 1578 968 1636 civitas
994 1597 1065 1654 opu-

121 1678 221 1736 lentia
245 1679 413 1751 auctuquc;
441 1694 538 1752 neque
563 1675 658 1733 alium
690 1675 781 1734 finem
816 1675 889 1734 belli
918 1677 1067 1735 rebantur

124 1794 216 1853 quam
232 1777 258 1834 si
272 1777 447 1852 promiscua
461 1792 497 1833 ea
512 1775 616 1834 sedes³
632 1774 773 1833 omnibus
789 1776 954 1834 Germanis
970 1775 1066 1846 foret,

124 1877 181 1933 aut
199 1874 344 1950 disjecta⁴
367 1874 463 1932 Ubios
479 1891 598 1949 quoque
613 1873 819 1948 dispersisset.

168 1999 218 2057 64.
242 1998 343 2073 Igitur
366 1997 538 2066 Tencteri⁴‚
565 1997 673 2055 Rheno
696 1998 830 2056 discreta
845 2014 935 2072 gens,
964 1997 1067 2056 missis

125 2095 238 2172 legatis
252 2097 414 2154 mandata²
435 2096 515 2171 apud
531 2095 711 2153 concilium³
726 2096 1002 2171 Agrippinensium
1018 2097 1066 2154 edi

121 2195 250 2272 jubent,
272 2212 339 2269 quae
353 2194 578 2252 ferocissimus⁴
607 2213 623 2251 e
647 2193 759 2269 legatis
782 2195 814 2251 in
840 2195 921 2252 hunc
946 2194 1068 2252 modum

126 2291 277 2368 protulit:
296 2291 455 2350 «Redisse
469 2308 525 2349 vos
540 2292 572 2348 in
584 2308 693 2366 corpus
709 2308 878 2366 nomenque
894 2292 1068 2350 Germaniae

127 2391 337 2448 communibus
358 2390 422 2448 deis
441 2393 473 2448 et
493 2391 647 2465 praecipuo
672 2390 798 2448 deorum
824 2391 938 2448 Marti⁵
963 2393 1068 2464 grates

129 2489 264 2564 agimus,
284 2488 431 2562 vobisque
446 2487 640 2563 gratulamur
651 2489 730 2563 quod
745 2487 869 2545 tandem
883 2487 974 2546 liberi
987 2489 1070 2547 inter

129 2587 242 2645 liberos
257 2588 361 2656 eritis;
384 2605 454 2645 nam
469 2586 507 2644 ad
529 2587 609 2644 hunc
624 2587 705 2644 diem
724 2586 851 2645 flumina
870 2604 906 2644 ac
923 2588 1025 2645 terras
1040 2589 1071 2645 et
1091 2584 1093 2589 ’
1136 2626 1142 2633 ·

131 2683 238 2742 caelum
263 2684 393 2758 quodam
418 2684 505 2742 modo
536 2683 635 2759 ipsum
661 2683 834 2740 clauserant
860 2684 1007 2754 Romani,
1036 2687 1071 2742 ut

164 2845 220 2885 ⁸³.
240 2844 261 2884 l.
275 2835 314 2884 An
332 2851 346 2884 a
364 2833 395 2883 ici
415 2835 439 2883 la
456 2834 577 2899 significa·
626 2835 718 2900 primer
733 2835 756 2883 lo
767 2833 902 2885 substantii
912 2835 1031 2885 abstrait:
1046 2837 1071 2885 la

132 2901 183 2951 tion
202 2902 233 2966 dc
251 2901 275 2950 la
294 2916 366 2966 prosc
384 2899 523 2964 classique:
546 2900 576 2948 ils
626 2903 776 2951 destruction
788 2901 819 2950 de
831 2901 950 2966 Colcgne.

131 2967 299 3017 deliberarent
310 2970 483 3029 si-ne-pas.
658 2974 712 3015 tu.
728 2975 748 3014 l.
765 2967 884 3025 Tencteri,
892 2983 912 3015 v.
920 2975 974 3025 nl,
985 2966 1024 3016 ch.
1033 2975 1069 3016 21.

166 3042 188 3082 2.
207 3033 347 3089 Coloniam,
367 3049 388 3079 v.
402 3032 428 3088 1.
442 3037 482 3087 56,
497 3048 522 3080 n.
536 3039 558 3080 3.
659 3040 680 3081 2.
700 3033 828 3091 blandula,
840 3031 1008 3093 instructions,
1016 3049 1072 3098 pro-

166 3107 188 3148 3.
207 3099 355 3148 Prornt'scaa
370 3099 445 3147 sedes.
468 3097 500 3146 lls
521 3112 578 3147 uou-
625 3096 754 3162 positions.

133 3165 209 3215 laient
221 3161 577 3228 quetouslcchrmainssans
659 3171 681 3212 3.
701 3164 852 3220 Concilium,
873 3163 1010 3213 assemhlee
1033 3165 1072 3229 ge-

132 3229 277 3279 distinction
300 3237 403 3294 pussent
432 3229 465 3294 s'y
488 3228 578 3278 e'tablir
626 3228 894 3295 uenaledescitoyens.

132 3296 274 3346 librament.
597 3338 599 3343 ,
658 3302 680 3343 4.
700 3295 793 3354 Feros,
810 3294 925 3351 hautein,
939 3293 1040 3343 violent.

166 3370 190 3410 4.
218 3362 332 3423 Disjecta.
362 3359 446 3409 Tacite
471 3359 578 3425 emploie
660 3368 682 3409 5.
707 3361 775 3409 Mars
801 3359 931 3425 s'appelait
953 3359 1012 3410 chez
1035 3360 1071 3408 les

114 3428 194 3493 plns
217 3435 320 3476 souvent
346 3441 395 3490 que
423 3427 458 3474 les
478 3434 578 3475 auteurs
628 3424 1071 3475 GcrrnainsTiuouZiu.V.manotc

135 3492 270 3559 classiques
291 3492 315 3541 le
326 3490 447 3558 participe
464 3508 528 3557 pour
539 3508 579 3541 ex·
629 3499 641 3540 5
654 3490 687 3539 du
700 3490 739 3541 ch.
750 3497 764 3540 9
775 3491 807 3541 de
819 3492 843 3541 la
853 3490 993 3542 Germanic.
