2346 3922
1036 208 1095 265 189

415 218 505 262 aman
527 221 571 263 111.
595 220 662 264 cnr.
689 204 819 264 11-13.

161 346 216 420 qui
251 366 379 425 propere
410 353 592 413 accucurrit.
628 354 741 412 Bassus
776 353 925 411 honorata
959 355 1097 413 custodia

160 441 356 504 Liburnicis⁹
366 449 495 508 navibus
506 451 627 509 Atriam
636 451 659 486 ¹⁰
670 452 832 526 pervectus
849 450 1021 526 apraefeeto
1039 452 1096 509 alae

160 540 316 601 Vivennio
346 546 456 605 Rufino
483 549 658 624 praesidium
685 548 748 606 illio
774 550 911 623 agitante
947 551 1093 618 vincitur,

160 640 215 698 sed
240 644 378 703 exsoluta
412 647 517 705 statim
548 640 672 705 vincula
697 647 872 705 interventu
898 648 1004 705 llormi
1035 648 1096 705 Cae-

160 741 272 799 saris¹¹
287 743 391 802 liberti
406 768 412 802 :
434 746 459 803 is
475 764 593 821 quoque
610 747 693 803 inter
707 747 797 803 duces
812 746 991 806 habebatur.

206 845 255 904 13.
279 845 321 903 At
335 847 468 917 Caecina,
486 847 654 906 defectione
669 847 776 905 elassis
790 847 930 921 vulgata,
949 848 1097 921 primores

160 944 393 1002 centurionum¹
414 950 445 1004 et
465 947 577 1022 paucos
597 946 746 1014 militum,
770 945 880 1002 ceteris
902 961 956 1018 per
976 944 1096 1001 militiae

160 1042 268 1099 munia
281 1043 440 1119 dispersis,
458 1048 576 1105 secreta
590 1048 758 1104 castrorum
773 1043 947 1110 affectans&
966 1043 997 1098 in
1011 1043 1094 1117 prin-

160 1137 244 1213 cipia
257 1144 356 1202 voeat.
377 1142 423 1200 lbi
438 1144 618 1218 Vespasiani
634 1144 781 1201 virtutem
799 1142 940 1214 viresque
961 1141 1096 1216 partium

160 1236 304 1297 extollit:
327 1240 528 1316 transfugisse
549 1239 688 1307 classem,
714 1240 745 1296 in
767 1238 853 1295 arto³
875 1239 1093 1306 commeatum,

160 1337 306 1396 adversas
328 1339 442 1399 Gallias
468 1339 708 1415 Hispaniasque,
737 1336 815 1394 nihil
836 1337 867 1393 in
889 1336 964 1393 urbe
984 1335 1093 1404 fidum;

160 1436 254 1508 atque
275 1437 376 1495 omnia
396 1438 433 1495 de
453 1438 579 1499 Vitellio
602 1440 632 1496 in
654 1437 818 1496 deterius⁴.
850 1435 923 1492 hlox
948 1435 1095 1508 incipien-

159 1532 245 1590 tibus
260 1535 312 1608 qui
327 1536 439 1593 conscii
454 1536 598 1605 aderant,
623 1539 738 1593 eeteros
758 1552 791 1591 re
808 1551 886 1590 nova
901 1534 1048 1590 attonitos
1065 1534 1095 1589 in

160 1631 258 1689 verba
285 1633 465 1708 Vespasiani
500 1633 614 1709 adigit3
653 1631 743 1690 simul
774 1629 894 1689 Vitellii
931 1630 1096 1703 imagines⁵

161 1726 295 1804 dereptae
309 1732 340 1787 et
354 1730 439 1788 missi
455 1731 507 1804 qui
521 1730 655 1788 Antonio
671 1728 860 1787 nuntiarent.
879 1726 938 1784 Sed
950 1728 1002 1784 ubi
1022 1727 1096 1784 totis

161 1828 272 1884 eastris
287 1828 318 1885 in
332 1827 413 1886 fama
427 1830 587 1905 proditio⁶‚
611 1844 771 1885 recurrens
786 1827 817 1883 in
839 1827 992 1901 principia
1007 1826 1094 1883 miles

161 1924 392 2000 praesoriptum⁷
407 1926 587 2002 Vespasiani
602 1942 721 1993 nemen,
739 1924 889 2000 projectas
901 1925 1020 1984 Vitellii
1036 1925 1095 1984 effi-

163 2021 229 2095 gies
253 2022 409 2098 adspexit,
433 2024 553 2080 vastum
575 2023 672 2098 prime
698 2021 869 2089 silentium,
897 2038 967 2078 mox
988 2024 1098 2079 cuneta

162 2119 253 2177 simul
278 2122 460 2197 erumpunt:
489 2122 547 2179 hue
571 2120 716 2178 cecidisse
741 2119 914 2177 Germanioi
940 2119 1095 2177 exereitus

162 2217 292 2292 gloriam
313 2222 347 2277 ut
368 2219 433 2278 sine
453 2220 579 2295 proelia,
604 2220 670 2276 sine
695 2219 823 2276 vulnere
848 2217 968 2276 vinctas
989 2235 1097 2276 munus
1131 2203 1143 2214 ⁸

163 2317 194 2373 et
209 2318 297 2392 capta
310 2319 468 2376 traderent
482 2317 587 2375 armat
602 2317 683 2382 Quas
699 2317 778 2374 enim
795 2337 833 2376 ex
848 2319 988 2377 diverso8
1004 2320 1096 2394 legio·

163 2414 241 2472 nest
274 2415 391 2491 Nempe
418 2417 534 2485 viotas3
569 2418 600 2473 et
634 2415 739 2474 abesse
772 2416 895 2474 unicum
930 2418 1096 2478 Othoniani

213 2565 236 2607 9.
256 2558 284 2607 V.
297 2558 333 2616 ll,
348 2565 387 2616 16,
401 2567 459 2607 note
470 2566 493 2606 4.

199 2630 233 2674 10.
259 2623 344 2682 Atria,
370 2639 412 2671 sur
434 2624 457 2672 le
475 2623 604 2680 Tartarus,

164 2704 214 2738 non
237 2689 288 2738 loin
311 2689 343 2737 de
365 2688 551 2739 l‘emhouchure
574 2689 606 2738 de

165 2753 260 2819 l’hdige
271 2764 296 2803 et
307 2754 341 2803 du
353 2755 396 2804 Po.

200 2828 234 2869 11.
254 2820 371 2878 Caesaris,
379 2821 403 2870 le
411 2835 523 2870 noureau
532 2819 607 2869 Ce'sar

164 2885 350 2949 :Vespasien

188 2959 242 3000 1⁸.
256 2959 276 3000 l.
285 2951 412 3000 Praetores
421 2953 605 3008 centurionum,

165 3019 275 3066 nommes
291 3014 357 3065 aussi
370 3016 419 3081 (ch.
431 3018 467 3081 22)
484 3019 607 3065 caldario

165 3099 206 3132 nes
222 3085 366 3144 primorum
382 3084 502 3130 ordinum
514 3081 607 3144 (centu-

165 3146 232 3197 rions
243 3148 275 3196 de
285 3147 390 3212 premier
402 3148 486 3211 rung),
500 3146 605 3206 etaient,

165 3217 179 3262 a
191 3223 255 3263 cette
263 3215 375 3278 opeque,
388 3213 424 3261 les
436 3212 478 3260 dix
489 3212 606 3276 premiers

165 3280 307 3328 centurione
322 3279 353 3327 de
371 3279 395 3327 la
407 3276 502 3342 legion,
516 3278 607 3327 obst-d·

165 3344 219 3393 dire
231 3344 267 3394 les
278 3344 321 3392 dix
331 3347 453 3406 pretulero
464 3343 607 3393 centurions

166 3410 209 3459 des
221 3409 352 3459 Triariens.
366 3409 394 3458 V.
408 3409 444 3466 ll,
458 3415 498 3467 89,
516 3419 573 3458 note
582 3417 604 3459 7.

199 3485 221 3526 2.
240 3476 377 3541 Affeetaas,
402 3475 563 3526 recherchant
582 3476 606 3526 la

166 3541 273 3593 solitudo
284 3541 346 3592 dans
358 3542 382 3593 le
393 3557 472 3612 camp.

687 2566 709 2607 3.
729 2559 758 2607 la
770 2566 834 2607 orto.
847 2560 873 2608 V.
888 2575 924 2623 gr.
939 2558 970 2608 de
982 2559 1021 2616 T.‚
1035 2565 1046 2617 5
1059 2566 1096 2608 87.

687 2631 709 2672 4.
723 2624 753 2672 ln
764 2626 872 2673 deterius
885 2640 919 2672 so.
931 2626 1023 2687 refert,
1035 2623 1098 2673 liue'-

655 2690 786 2737 ralement:
799 2689 816 2737 il
827 2706 857 2738 ne
866 2691 934 2754 parla
944 2690 975 2738 de
985 2688 1097 2738 Vitellius

656 2769 704 2819 que
718 2754 779 2802 dans
799 2755 823 2803 le
840 2756 897 2820 plus
909 2754 1016 2803 maurais
1031 2770 1095 2804 sens.

688 2834 710 2876 5.
723 2828 853 2890 linupines.
864 2829 944 2877 Suria
957 2828 1045 2891 hampe
1054 2827 1097 2875 des

656 2892 784 2967 enseignes
808 2892 900 2942 e'taient
922 2892 1031 2941 attaehos
1054 2892 1098 2940 des

655 2957 803 3007 me'daillons
826 2967 924 3022 portant
948 2957 1043 3021 l'image
1066 2974 1097 3006 en

655 3023 728 3072 husto
739 3023 771 3071 de
782 3023 929 3088 l'empereur
940 3025 1052 3087 regnant.

688 3103 710 3144 6.
728 3096 841 3145 Proditio
856 3112 890 3143 so.
902 3103 969 3153 erum
986 3098 1096 3157 aspexit,

656 3161 699 3224 qui
712 3161 773 3219 suit,
788 3160 885 3225 depend
899 3161 964 3208 aussi
976 3161 1007 3208 de
1019 3161 1062 3208 ubi
1074 3169 1099 3208 et

656 3224 733 3275 formo
743 3242 800 3274 avec
812 3233 867 3274 eret
880 3242 912 3273 un
925 3225 1070 3291 asyndeton.

689 3307 710 3348 7.
730 3301 923 3362 Prasoriplam,
935 3299 995 3348 ecrit
1007 3314 1049 3347 sur
1061 3299 1097 3346 les

656 3364 795 3430 enseignes.

689 3438 711 3481 8.
722 3432 761 3482 Ea
767 3433 874 3489 diverso,
881 3429 915 3478 du
923 3427 986 3494 parti
994 3430 1096 3494 opposui.

961 3544 999 3595 11*
