2346 3922
315 270 319 276 '
365 283 456 327 amsa
473 282 521 326 111.
544 282 610 326 oar.
634 266 766 326 82-84.
985 266 1045 328 247

105 417 186 478 ditos
210 419 242 478 in
262 419 400 479 tabernis
414 421 468 476 aut
487 420 514 478 si
536 437 628 495 quam
649 420 681 478 in
701 420 822 479 domum
844 420 1044 495 perfugerant

104 517 172 574 erui
191 515 390 593 iugularique
415 516 644 592 expostulantes
672 521 761 593 parte
789 518 904 595 majore
933 519 1043 594 praedae

42 626 45 635 ¹
102 615 322 692 potiebantur;
360 633 431 674 nam
466 615 565 674 milite
600 617 638 674 ad
667 618 849 691 sanguinem
885 620 916 675 et
947 617 1044 675 caedes

103 714 234 772 obverso
255 714 353 790 spolia
373 713 405 772 in
420 714 531 789 vulgus
547 715 705 774 cedebant.
731 717 821 774 Saeva
842 733 878 773 ac
900 715 1045 774 deformis

104 813 182 871 urbe
196 815 262 872 tota
276 813 387 872 facies:
404 813 480 872 alibi
495 813 605 888 proclia
620 814 650 871 et
660 813 806 884 vulnera,
824 813 900 872 alibi
915 814 1045 872 balineae

10 975 13 983 ¹
104 911 302 987 popinaeque;
331 910 421 969 simul
442 927 533 968 cruor
560 913 591 968 et
622 912 722 969 strues
748 929 923 987 corporum,
952 911 1046 986 juxta

105 1011 209 1067 scorta
230 1011 261 1067 ct
281 1009 390 1067 scortis
412 1008 542 1077 similes;
566 1010 714 1083 quantum
740 1010 772 1066 in
798 1008 955 1066 luxurioso
981 1010 1043 1067 otio

105 1106 284 1176 libidinum,
301 1105 447 1181 quidquid
462 1105 495 1163 in
516 1105 715 1164 acerbissima
729 1105 933 1181 captivitate²
954 1104 1044 1163 scele-

105 1223 192 1275 rum,
209 1221 335 1281 prorsus
349 1207 389 1268 ut¹
399 1204 525 1262 eandem
547 1203 705 1262 civitatem
721 1207 751 1262 et
771 1203 872 1262 furere
888 1205 1045 1262 credercs³

106 1304 140 1362 ot
166 1302 322 1360 lascivire.
353 1302 562 1372 conflixerant
589 1303 660 1358 ante
689 1303 801 1359 armati
833 1302 987 1358 exercitus
1012 1301 1044 1359 in

105 1399 197 1468 urbe,
225 1399 273 1456 bis
298 1399 393 1457 Lucio
419 1398 519 1467 Sulla,
544 1398 636 1456 semel
662 1399 760 1457 Cinna
781 1398 965 1467 victoribus,
990 1416 1045 1455 nec

104 1499 181 1556 tunc
199 1497 301 1575 minus
321 1497 531 1565 crudelitatis;
555 1514 636 1554 nunc
651 1497 836 1554 inhumana⁴
852 1497 1001 1555 securitas
1016 1498 1047 1554 et

104 1612 147 1653 ne
170 1594 297 1652 minimo
321 1594 443 1670 quidem
467 1595 614 1669 temporis
643 1593 818 1674 voluptates
843 1594 1042 1663 intermissae;

105 1693 213 1752 velum
236 1692 323 1752 festis
343 1693 468 1752 diebus⁶
493 1693 524 1750 id
549 1710 668 1768 quoque
684 1693 849 1768 gaudium⁷
870 1693 1044 1760 accederet,

105 1791 318 1861 exsultabant,
345 1790 536 1861 fruebantur,
565 1790 650 1850 nulla
678 1791 814 1867 partium
839 1808 927 1861 cura,
956 1791 1045 1850 malis

105 1889 241 1965 publicis
260 1888 337 1948 laeti.

147 1984 199 2046 84.
223 1986 395 2045 Plurimum
423 1986 512 2044 molis
541 1987 573 2044 in
599 1987 825 2062 oppugnatione
853 1990 1041 2045 castrorum¹

104 2083 181 2154 fuit,
209 2101 275 2160 quae
303 2085 490 2143 acerrimus²
519 2086 646 2160 quisque
675 2088 710 2143 ut
732 2085 930 2144 novissimam
960 2103 1045 2161 spem

106 2181 293 2240 retinebant.
317 2183 361 2242 Eo
383 2166 533 2240 intentius
552 2184 701 2251 victores,
718 2182 871 2257 praecipuo
886 2183 1045 2240 veterum³

106 2279 280 2336 cohortium
295 2280 410 2348 studio,
428 2282 538 2337 cuncta
553 2279 813 2336 validissimarum
828 2279 950 2336 urbium
965 2279 1045 2336 exci-

108 2377 168 2436 diis
191 2379 315 2453 reperta
335 2377 426 2436 simul
445 2377 624 2447 admovent,
641 2379 856 2447 testudinem⁴,
873 2379 1043 2447 tormenta,

107 2491 252 2551 aggeres,
282 2475 436 2551 facesque,
468 2476 615 2552 quidquid
642 2478 690 2534 tot
718 2477 836 2553 proeliis
867 2476 982 2534 laboris
1011 2493 1047 2534 ac

108 2575 238 2650 periculi
253 2575 439 2645 hausissent,
450 2592 541 2650 opere
552 2576 605 2634 illo
617 2576 821 2634 consummari
833 2575 1044 2635 clamitantes:

141 2738 163 2780 2.
183 2731 333 2794 captivitas,
355 2729 422 2795 prisc
437 2729 468 2778 de
480 2729 551 2788 ville,
573 2780 577 2785 ,

109 2801 241 2863 conquete.
260 2795 299 2846 Cf.
313 2795 353 2845 ch.
364 2803 405 2855 70,
419 2805 476 2845 note
488 2802 511 2843 7.

142 2870 164 2912 3.
184 2862 309 2912 Crederes.
323 2862 351 2910 V.
360 2861 449 2918 ch.75,
463 2869 520 2909 note
529 2867 551 2908 2.

142 2936 165 2977 4.
184 2928 341 2982 Inhumana,
360 2925 483 2977 contraire
499 2929 513 2974 a
529 2925 553 2974 la

109 3002 197 3042 nature
210 2992 334 3041 humaine.

142 3066 165 3108 5.
187 3059 257 3108 Velut
267 3081 301 3100 =
311 3054 384 3106 velut
389 3059 419 3106 si.

141 3131 164 3172 6.
184 3125 262 3173 Fectio
284 3123 381 3180 diebus,
415 3123 450 3171 les
471 3122 553 3171 Satur·

109 3190 178 3239 nales
194 3187 309 3238 duraient
321 3203 419 3238 encore.

142 3263 164 3304 7.
183 3256 212 3304 Id
222 3256 356 3317 paediam,
376 3269 404 3303 ce
422 3252 553 3316 (nouveau)

108 3319 307 3369 divertisscment
326 3317 453 3368 consistait
471 3321 485 3366 d
502 3323 553 3367 atre

108 3395 250 3451 spectateur
270 3385 301 3433 de
319 3384 343 3432 la
356 3385 418 3432 lutte
437 3393 462 3433 et
482 3387 496 3432 a
513 3399 554 3447 ap-

109 3450 210 3518 plaudit
221 3450 317 3514 chaque
327 3449 391 3514 parti
400 3451 478 3498 tourh
487 3458 552 3499 tour.

145 3523 199 3567 ΘΔ.
220 3524 241 3570 1.
257 3516 417 3579 Castrorum,
440 3514 463 3564 lc
482 3529 554 3584 camp

603 2730 647 2779 des
665 2730 815 2793 preteriens,
840 2730 904 2780 silue
925 2732 938 2777 h
958 2729 1047 2779 l'ouest

602 2795 634 2844 de
647 2796 669 2843 la
682 2805 752 2858 porte
763 2794 868 2845 Collina.

637 2868 659 2909 2.
678 2860 823 2909 Acerrimas
840 2863 940 2923 quisque
960 2860 1010 2909 ale
1022 2877 1045 2910 v.

604 2941 633 2974 au
654 2926 757 2991 pluriel,
772 2942 866 2975 comme
878 2925 995 2974 collectis.

637 2999 658 3040 3.
681 2992 809 3048 Veterum,
834 2992 870 3039 les
891 2990 985 3039 vieilles
1008 3007 1048 3040 co·

604 3057 686 3106 hortos
704 3056 874 3121 pretor-lennes
892 3056 948 3120 qui,
971 3055 1046 3105 licen-

604 3122 668 3171 ciees
677 3121 853 3187 parVitcllius,
864 3121 960 3170 avaient
968 3121 1047 3186 lepris

603 3188 637 3236 du
649 3187 740 3237 service
753 3187 814 3234 dans
826 3187 849 3234 le
861 3186 925 3250 parti
936 3187 1045 3235 Flavien.

635 3261 658 3301 4.
680 3254 781 3302 Testudo
794 3261 831 3300 cst
844 3251 875 3300 ici
886 3269 920 3301 un
935 3252 980 3301 toit
993 3268 1048 3317 por-

604 3318 661 3366 tatif
678 3316 774 3366 dl'abri
787 3317 882 3381 duquel
901 3319 936 3367 les
952 3318 1046 3366 soldats

604 3383 736 3447 pouvaient
754 3383 864 3432 comblcr
881 3383 917 3432 les
933 3383 1010 3433 fossas
1023 3392 1048 3431 et

592 3448 708 3514 *egoliser
736 3449 759 3498 le
787 3448 878 3497 terrain
906 3465 969 3515 pour
985 3447 1047 3498 faire

604 3529 710 3565 alancer
720 3515 756 3564 les
768 3512 902 3565 machinas.
