2346 3922
165 207 205 265 44
390 221 534 264 conuumr
555 220 656 264 raeiri
677 218 890 264 nrsroumnuur

165 350 300 410 rentium
330 349 429 409 Galba
456 348 610 426 projeetus
636 350 749 408 osella
775 367 811 408 ac
835 349 1017 426 provolutus
1046 351 1103 409 est.

165 452 345 509 Extremam
360 448 426 525 ejus
440 463 560 518 vocem,
578 451 613 506 ut
629 449 737 524 cuique
753 449 855 507 odium
870 451 925 507 aut
942 447 1105 517 admiratio

164 548 238 617 fuit,
269 547 356 606 varie
385 547 546 622 prodidere
570 570 576 604 :
603 546 658 605 alii
688 547 869 622 suppliciter
898 548 1106 622 interrogasse

166 645 238 720 quid
254 645 328 702 mali
343 645 522 714 meruisset,
540 662 653 720 paucos
664 645 729 703 dies
744 645 945 703 exsolvendo⁵
961 644 1107 702 donativo

157 745 382 818 ·deprecatum;
418 743 521 819 plures
555 743 703 801 obtulisse
737 743 838 802 ultro⁶
876 743 1108 819 percussoribus

84 828 87 833 ’
144 896 146 900 Α
161 841 305 917 jugulum
320 864 326 900 :
344 845 473 917 agerent
487 859 523 899 ac
537 840 682 911 ferirent,
707 842 733 900 si
749 844 793 902 ita
808 861 824 900 e
839 860 873 900 re
887 842 1009 917 publica
1023 842 1107 899 vide-

166 943 263 1001 retur.
295 940 366 998 Non
399 939 541 999 interfuit
571 940 774 1003 occidentium
804 941 876 1015 quid
905 940 1030 1000 diceret.
1062 940 1108 997 De

168 1025 348 1114 percussore
368 1056 429 1096 non
451 1038 527 1096 satis
542 1041 664 1096 constat
678 1061 684 1096 :
708 1038 831 1113 quidam
846 1038 1024 1097 Terentium
1040 1055 1109 1095 evo-

167 1138 298 1207 catum⁷‚
320 1136 376 1195 alii
390 1137 574 1205 Lecanium‚
598 1137 735 1196 crebrior
759 1137 840 1195 fama
855 1137 985 1197 tradidit
999 1137 1107 1196 Camu-

166 1235 248 1293 rium
263 1234 379 1309 quintae
394 1235 537 1293 decimae⁸
552 1235 683 1310 legionis
698 1234 828 1293 militem
843 1235 990 1310 impresso
1006 1235 1109 1310 gladio

164 1330 310 1406 jugulum
331 1329 396 1405 ejus
411 1331 562 1389 hausisse.
586 1331 688 1390 Ceteri
707 1347 798 1388 crura
818 1331 1004 1406 brachiaque
1026 1329 1111 1409 (nam

168 1430 275 1503 pectus
296 1427 492 1506 tegebatur⁹)
516 1428 595 1487 foede
616 1428 789 1499 laniavere3
817 1429 963 1505 pleraque
981 1429 1112 1487 vulnera

167 1526 294 1585 feritate
310 1528 341 1584 et
357 1526 478 1585 saevitia
492 1511 602 1585 trunco
618 1525 684 1601 jam
699 1528 820 1602 corpori
835 1527 964 1603 adjecta.

210 1631 261 1689 42.
286 1630 391 1689 Titum
417 1631 488 1688 inde
509 1630 637 1690 Vinium
663 1632 819 1701 invasere,
848 1632 964 1707 dequo
987 1634 1017 1690 et
1042 1632 1110 1708 ipso

169 1728 349 1804 ambigitur,
373 1729 634 1805 consumpseritne
649 1748 754 1788 vocem
773 1728 838 1806 ejus
859 1731 979 1789 instans
993 1734 1107 1799 metus,

167 1845 207 1885 an
229 1827 469 1902 proclamaverit
490 1845 551 1885 non
576 1844 642 1886 esse
667 1829 705 1887 ab
728 1829 847 1888 Othone
872 1829 1050 1887 mandatum
1075 1833 1110 1887 ut

169 1925 369 1986 occideretur.
402 1927 487 1993 Quod
508 1944 560 1985 seu
581 1926 674 1985 finxit
693 1927 857 1986 formidine
881 1945 933 1986 seu
954 1929 1108 1986 conscien-

168 2022 246 2080 tiam
260 2021 494 2096 conjurationis
523 2022 679 2082 confessus
694 2026 755 2093 est,
773 2025 832 2082 huc
846 2025 949 2098 potius
963 2024 1029 2099 ejus
1043 2025 1111 2083 vita

169 2118 310 2194 famaque
338 2119 486 2179 inclinatl
515 2122 569 2178 ut2
597 2122 737 2180 conscius
766 2122 890 2181 sceleris
908 2106 1003 2180 fuerit
1022 2121 1110 2197 cujus

169 2233 262 2275 causa
277 2218 354 2276 erat.
382 2219 463 2276 Ante
478 2218 590 2277 aedem³
610 2220 675 2277 divi
697 2219 774 2279 Julii
788 2219 890 2295 jacuit
910 2220 1009 2295 primo
1024 2221 1108 2280 ictu⁴

168 2314 200 2371 in
215 2315 378 2389 poplitem,
396 2333 467 2374 mox
481 2316 520 2374 ab
535 2318 553 2376 J
556 2316 619 2374 ulio
635 2317 728 2387 Caro,
752 2317 922 2394 legionario
937 2317 1052 2389 milite,
1076 2320 1108 2377 in

168 2416 331 2490 utrumque
352 2414 434 2474 latus
459 2417 739 2478 transverberatus.
1123 2420 1129 2427 “

203 2578 225 2621 5,
245 2572 314 2621 llatil
319 2573 353 2621 du
361 2563 452 2623 but.V.
460 2590 496 2640 gr.
504 2573 569 2623 der.
577 2581 613 2623 68.
664 2550 666 2553 ι
698 2583 753 2624 n.
767 2584 787 2624 l.
799 2577 1106 2638 {leopatius-inclinat,

203 2644 225 2686 6.
246 2638 463 2689 Volentairement.
480 2641 507 2688 V.
521 2638 616 2704 l'expli-

665 2638 710 2689 fait
722 2642 804 2705 plutdt
818 2641 906 2692 croire.

171 2702 252 2751 caticn
269 2703 303 2752 du
315 2713 365 2753 mot
376 2719 408 2752 au
426 2704 465 2754 ch.
479 2712 502 2761 7,
521 2713 578 2753 note
591 2711 613 2752 7.

698 2736 720 2777 2.
742 2729 772 2779 Ut
790 2756 823 2765 -
840 2730 932 2791 suerit,
955 2745 986 2778 au
1007 2729 1057 2779 lieu
1077 2730 1109 2780 de

206 2775 228 2816 7.
248 2767 284 2819 On
298 2769 406 2833 appelait
418 2770 513 2818 evocate
530 2770 566 2817 les
577 2772 616 2817 ve-

172 2843 255 2899 terane
268 2833 324 2897 qui,
338 2837 409 2898 apres
422 2835 488 2883 avoir
503 2834 545 2882 lini
562 2834 616 2882 leur

172 2908 253 2962 temps
269 2899 300 2947 de
320 2899 426 2957 service,
448 2898 616 2949 retouruaient

172 2963 377 3015 uolontairemeut
405 2981 463 3014 sous
496 2966 531 3014 les
560 2964 615 3012 dru-

173 3043 264 3094 peaux.
289 3030 322 3078 lls
342 3028 489 3092 jouissaient
511 3029 543 3078 de
566 3046 617 3080 cer·

173 3093 238 3142 taius
251 3093 390 3160 privileges.

206 3166 228 3207 8.
243 3159 402 3225 Cettele‘gion
414 3159 473 3209 etait
482 3161 546 3208 alors
554 3159 616 3210 dans

173 3225 197 3272 le
209 3239 280 3288 camp
292 3225 324 3274 de
339 3226 426 3274 Vetera
437 3225 503 3288 (pres
513 3225 544 3273 de
553 3226 617 3273 llan-

173 3299 224 3346 ten‚
244 3305 286 3338 sur
304 3290 327 3338 le
344 3289 488 3353 Bas-Rutu),
505 3290 566 3338 mais
583 3306 615 3338 on

173 3370 203 3404 en
223 3354 287 3403 avait
303 3354 347 3403 leit
365 3355 434 3403 venir
449 3372 483 3403 un
501 3355 615 3404 de'tache-

174 3421 384 3483 memorabilium)
395 3421 503 3470 allome.
511 3420 614 3470 V.ch.6.

188 3491 229 3599 ht.
250 3486 385 3553 legebatur
402 3501 436 3536 sc.
455 3486 566 3535 thorace.
585 3485 613 3536 V.

173 3556 264 3600 c.35.

665 2792 734 2843 l'acc.
748 2809 806 2843 avec
818 2793 938 2843 l'insmitis
947 2811 1004 2844 eum
1015 2797 1109 2858 scisse,-

665 2860 689 2907 le
701 2858 745 2908 lait
756 2869 793 2908 est
805 2859 869 2909 douc
887 2859 998 2925 exprime'
1015 2877 1109 2911 comme

665 2940 714 2973 une
730 2928 909 2990 consequence.

699 3013 720 3055 3.
733 3005 842 3071 Auguste
849 3005 912 3055 avait
921 3005 1110 3058 faitconstruire

666 3072 842 3135 cetemplesur
851 3072 1019 3131 leocritiam,
1029 3073 1109 3138 partie

665 3136 759 3184 sud-est
771 3137 805 3185 du
816 3138 911 3201 sorum.

698 3232 720 3274 4.
747 3224 808 3274 Ictu.
840 3225 874 3273 Le
897 3223 1019 3291 participe
1045 3230 1110 3278 ictus

667 3289 809 3363 repondrait
817 3293 830 3338 t
838 3293 1056 3341 transverberatus
1067 3293 1109 3368 qui

667 3364 729 3412 suit,
749 3355 809 3404 mais
827 3355 910 3405 Tacite
927 3356 989 3406 aime
1006 3361 1111 3407 ararici·

666 3420 689 3468 la
703 3421 871 3472 construction
895 3422 956 3471 dans
983 3423 1007 3471 la
1030 3428 1111 3474 mdmc

666 3485 764 3549 phrase.
