2346 3922
325 236 416 280 nmen
436 235 458 278 1.
482 236 548 280 cur.
572 219 705 279 70-73.
956 223 994 282 71

97 371 150 430 72.
175 371 239 429 Par
253 370 324 429 inde
338 370 505 430 exsultatio
516 371 690 448 disparibus
705 372 806 430 causis
820 376 994 441 consecuta,

55 469 222 544 impetrato
243 469 390 546 Tigellini
416 471 523 529 exitio.
555 472 728 546 Sophonius
750 470 920 545 Tigellinus
946 473 995 529 oli-

55 568 157 626 souris
182 569 376 643 parentibus,
402 567 484 626 foeda
505 569 653 644 pueritia,
682 569 835 644 impudica
857 572 993 638 senecta,

56 665 271 742 praefecturam
285 667 416 741 vigilum
435 671 466 726 et
487 669 624 743 praetorii
645 672 677 727 et
700 668 762 726 alia
787 669 913 744 praemia
935 670 995 726 vir-

56 768 176 833 tutum,
193 767 266 840 quia
280 766 415 824 velocius
430 769 512 836 erat,
529 767 617 824 vitiis
632 767 777 842 adeptae,
799 784 870 824 mox
892 768 996 825 erude-

58 861 193 931 litatem,
221 862 328 920 deinde
349 863 532 932 avaritiam,
553 863 660 920 virilia
679 863 809 931 seelera,
839 865 993 934 exercuit,

59 963 203 1036 corrupto
228 961 266 1021 ad
280 978 373 1027 ‚omne
398 960 517 1019 faoinus
539 961 677 1030 Nerone,
705 963 841 1036 quaedam
868 963 993 1037 ignaro¹

56 1076 168 1127 ausus,
185 1076 221 1116 ao
236 1062 387 1134 postremo
403 1058 537 1134 ejusdem
548 1060 686 1118 desertor
700 1079 736 1118 ao
748 1061 902 1136 proditor:
917 1063 996 1120 unde

56 1157 234 1239 nonalium
255 1158 444 1232 pertinacius
459 1158 497 1215 ad
515 1176 638 1233 poenam
656 1159 851 1234 flagitavere,
875 1161 996 1219 diverso

56 1256 185 1324 affectu,
207 1256 317 1330 quibus
337 1256 439 1314 odium
459 1256 592 1315 Neronis
612 1258 712 1316 inerat
733 1262 764 1317 et
784 1260 894 1333 quibus
919 1261 995 1318 desi·

56 1355 187 1412 derium.
219 1354 307 1430 Apud
327 1353 455 1413 Galbam
482 1356 546 1413 Titi
567 1356 654 1414 Vinii
680 1358 818 1431 potentia
839 1358 994 1426 defensus,

59 1455 256 1528 praetexentis
271 1463 426 1513 servatam
440 1456 526 1514 abeo
542 1456 665 1514 filiam2.
683 1457 772 1514 Haud
788 1457 878 1515 dubie
894 1475 995 1516 serva-

59 1555 162 1622 verat,
194 1570 254 1611 non
283 1553 462 1624 elementia,
500 1555 612 1629 quippe
647 1558 694 1612 tot
727 1554 912 1624 intersectis
944 1556 995 1613 sed

58 1651 224 1726 effugium³
248 1651 280 1709 in
306 1652 458 1721 futurum,
487 1653 560 1727 quia
585 1654 734 1727 pessimus
762 1653 890 1729 quisque
919 1654 994 1710 dilli-

57 1749 164 1808 dentia
187 1750 385 1825 praesentium
405 1751 606 1808 mutationem
631 1768 745 1825 pavens
770 1752 917 1809 adversus
943 1769 995 1826 pu-

56 1845 171 1904 blicum
182 1847 285 1905 odium
300 1849 454 1923 privatam
470 1849 604 1923 gratiam
615 1851 784 1924 praeparat;
802 1850 899 1906 unde⁴
912 1849 997 1907 nulla

56 1943 241 2003 innocentiae
256 1961 346 2014 cura,
364 1945 416 2002 sed
431 1945 515 2003 vioes
530 1946 755 2020 impunitatis⁵.
785 1947 828 2003 Eo
848 1945 997 2004 infensior

56 2041 203 2117 populus,
227 2043 332 2101 addita
352 2043 390 2100 ad
405 2046 495 2101 vetus
510 2042 657 2116 Tigellini
676 2044 779 2102 odium
800 2043 915 2101 recenti
931 2045 995 2103 Titi

57 2141 146 2200 Vinii
162 2140 295 2210 invidia,
312 2159 495 2200 concurrere
509 2160 548 2199 ex
567 2145 633 2200 tota
648 2142 722 2199 urbe
738 2143 770 2199 in
786 2142 942 2200 Palatium
960 2159 996 2199 ae

58 2239 124 2297 fora
139 2241 187 2308 et,
204 2239 258 2297 ubi
272 2239 405 2315 plurima
419 2240 506 2314 vulgi
526 2240 663 2308 lieentia,
686 2240 716 2297 in
733 2241 846 2298 nircum
862 2257 898 2297 ao
912 2241 995 2297 thea-

57 2339 107 2394 tra
121 2335 212 2395 effusi
232 2336 385 2394 seditiosis
400 2337 527 2395 vocibus
546 2340 699 2412 strepere,
717 2339 811 2396 donee
827 2337 997 2411 Tigellinus

58 2437 184 2509 accepto
200 2435 279 2509 apud
295 2435 498 2493 Sinuessanas
512 2436 626 2509 aquas6
642 2452 790 2509 supremae
805 2435 996 2493 necessitatis

58 2533 168 2592 nuntio
188 2533 270 2590 inter
289 2534 396 2608 stupra
411 2534 648 2591 concubinarum
675 2537 706 2592 et
726 2534 832 2591 oscula
850 2536 881 2591 et
900 2531 996 2589 doior-

58 2649 119 2690 mes
145 2647 248 2689 moras
273 2632 363 2690 sectis
388 2632 538 2690 novacula
563 2630 703 2690 faucibus
730 2631 874 2689 infamem
899 2620 1019 2688 vitam'

56 2728 188 2796 foedavit
203 2729 296 2786 etiam
311 2729 397 2787 exitu
413 2746 480 2787 sero
495 2732 526 2787 et
541 2729 712 2789 inhoneste.

97 2855 151 2915 73.
188 2855 251 2913 Per
275 2854 355 2912 idern
380 2857 501 2929 tempus
530 2854 724 2930 expostulata
752 2854 790 2911 ad
816 2852 998 2928 supplicium

58 2953 167 3012 Calvia
192 2953 372 3028 Crispinilla
396 2954 494 3011 variis
519 2952 787 3012 frustrationibus¹
815 2957 845 3010 et
869 2952 998 3010 adversa

90 3114 146 3154 n.
166 3113 187 3154 1.
202 3105 293 3169 laesuro
305 3121 338 3155 sc.
353 3106 458 3155 Nerone.
584 3115 606 3157 4.
628 3107 710 3164 Unde,
720 3105 776 3180 d'oli
789 3104 806 3153 il
818 3103 896 3153 arrivs
907 3119 956 3169 que
965 3127 999 3146 =

89 3203 112 3246 λ
132 3197 240 3254 Filiam'
256 3194 503 3245 v'lafindUCh’ss'
555 3173 613 3286 cue?
630 3188 762 3289 pppepqppyp
775 3238 880 3285 unitatis
921 3234 953 3283 im
973 3252 999 3283 u-

70 3295 112 3361 ‚3·
134 3286 280 3352 ΕῘΜῘΜ)
295 3300 392 3360 {wc-,⁰3¹¹
409 3285 505 3351 ³PP035·
555 3252 777 3366 niio'ro'eiproqufe’.
886 3272 895 3294 '
955 3251 971 3299 p

58 3360 108 3400 non
120 3354 134 3399 a
145 3360 213 3400 toute
226 3351 249 3398 la
262 3361 428 3414 proposition,
442 3367 505 3416 pour
587 3376 609 3416 6.
629 3369 684 3416 ΑΜ
700 3366 771 3415 bain,
788 3366 819 3415 ,1e
828 3365 954 3423 Sinuessa,
966 3381 996 3414 0„

60 3433 174 3482 marquor
186 3416 209 3464 le
221 3416 266 3463 but
276 3417 307 3478 (r.
320 3432 356 3481 gr.
370 3416 402 3464 du
411 3417 438 3466 T.
454 3418 502 3481 15):
554 3433 696 3497 campanie·

61 3497 121 3546 pour
132 3483 250 3530 s'assurcr
262 3497 311 3531 une
324 3497 458 3531 ressourre.
589 3506 640 3547 η,
661 3506 682 3548 1,
701 3496 784 3546 piper,
799 3495 963 3561 subterfuge&
