2346 3922
385 210 475 262 trusa
495 210 528 260 ιι.
553 218 619 261 cnr.
642 199 775 261 62-65.
991 194 1050 264 143

113 346 314 408 celebritate⁰
329 349 487 410 devertere
502 349 741 410 Interamnium⁷
755 349 847 423 atque
858 347 901 408 ibi
918 348 1051 408 interfici

108 445 220 525 jussit.
253 449 390 525 Longum
425 449 615 508 interfectori
648 447 770 506 visum:
802 447 834 504 in
864 447 977 506 itinere
1016 465 1052 506 ao

114 545 248 604 taberna
260 543 427 621 projectum
442 547 525 605 humi
536 546 710 623 jugulavit,
724 562 835 621 magna
850 563 917 604 oum
934 546 1052 606 invidia

116 643 192 701 novi
213 644 419 721 principatus,
438 643 524 720 cujus
545 645 601 702 hoc
622 642 754 718 primum
776 642 929 718 specimen
950 659 1051 702 nosce-

115 741 222 800 batur.
252 741 291 799 Et
319 741 448 799 Triariae
471 741 628 799 licentiam
657 737 846 823 modestum⁸
871 755 887 794 e
913 738 1053 813 proximo

116 838 291 914 exemplum
317 840 480 908 onerabat,
512 838 635 897 Galeria
660 835 854 912 imperatoris
883 852 961 892 uxor
989 852 1051 892 non

118 936 262 993 immixta
280 935 456 1005 tristibus⁹;
484 938 515 994 et
534 937 602 1012 pari
623 935 777 1012 probitate
798 934 896 990 mater
917 931 1054 991 Vitellio-

118 1050 190 1100 rum
214 1033 361 1104 Sextilia,
388 1034 509 1108 antiqui
530 1034 635 1093 moris.
659 1031 783 1092 Dixisse
804 1029 877 1103 quin
898 1029 991 1087 etiam
1016 1029 1054 1087 ad

117 1128 236 1205 primas
248 1127 306 1186 filii
320 1128 368 1186 sui
382 1128 529 1205 epistulas
544 1127 710 1197 ferebatur,
734 1145 794 1185 non
810 1127 1024 1185 Germanicum
1033 1128 1056 1162 ¹⁰

118 1244 139 1285 a
154 1243 187 1284 se
201 1225 253 1284 sed
266 1226 426 1287 Vitellium
448 1227 596 1301 genitum.
628 1227 694 1285 Nec
708 1225 780 1285 ullis
800 1229 907 1302 postea
927 1225 1058 1283 fortuna

119 1321 275 1382 illecebris
299 1325 353 1382 aut
376 1323 492 1382 ambitu
502 1325 524 1360 ¹¹
556 1324 694 1382 civitatis
726 1323 925 1399 ingaudium
957 1323 1059 1381 evicta

119 1422 228 1480 domus
243 1439 304 1480 suae
318 1423 438 1480 tantum
452 1423 582 1481 adversa
596 1423 704 1482 sensit.

164 1523 216 1582 65.
232 1523 408 1596 Digressum
420 1524 618 1600 aLuguduno
630 1523 791 1582 Vitellium
803 1523 929 1583 Cluvius
940 1523 1058 1583 Rufusl

120 1621 306 1697 assequitur,
333 1623 445 1681 omissa
469 1622 637 1699 Hispania,
651 1622 805 1701 laetitiam
827 1627 858 1681 at
879 1623 1058 1698 gratulatio·

122 1737 194 1777 nem
208 1720 295 1777 vultu
310 1718 426 1790 ferens,
450 1721 551 1779 animo
572 1722 683 1779 anxius
704 1725 735 1780 et
754 1723 885 1799 petitum
907 1740 938 1780 se
960 1722 1059 1779 orimi-

122 1817 300 1875 nationibus
311 1832 434 1890 gnarus.
448 1818 587 1877 Hilarius
595 1819 743 1877 Caesaris²
754 1820 882 1879 libertus
894 1819 1057 1888 detulerat,

121 1918 298 1992 tamquam³
322 1918 427 1976 audito
447 1916 568 1975 Vitellii
590 1919 621 1974 et
646 1918 775 1975 Othonis
799 1918 974 1995 principatu
993 1934 1060 1991 pro-

122 2016 224 2094 priam
253 2017 317 2095 ipse
341 2016 510 2093 potentiam
536 2017 568 2072 et
592 2016 811 2090 possessionem
840 2016 1059 2092 Hispaniarum

122 2116 291 2183 tentasset,
329 2131 423 2188 eoque
456 2112 691 2188 diplomatibus⁴
735 2111 851 2169 nullum
890 2112 1059 2186 prinoipem

123 2196 378 2290 praescripsisset,
401 2215 432 2271 ct
454 2211 716 2287 interpretabatur
736 2209 872 2284 quaedam
893 2226 931 2265 ex
950 2209 1060 2270 oratio-

124 2314 217 2373 nibus
238 2312 304 2388 ejus
324 2311 561 2371 contumeliosa¹⁵
584 2311 615 2368 in
630 2308 791 2368 Vitellium
812 2310 843 2366 et
864 2325 919 2383 pro
940 2325 972 2366 se
995 2307 1059 2382 ipso

158 2471 182 2512 6.
205 2462 253 2513 Via
272 2461 412 2518 celebritas,
429 2468 499 2509 route
520 2459 570 2508 tres
619 2471 688 2505 seura
705 2454 737 2504 de
756 2452 869 2504 Vitellius
887 2453 923 2502 les
938 2452 1061 2503 fonctions

125 2530 282 2594 lrc'quentce.
619 2520 991 2587 deprocurateurenEspagnc.
1003 2519 1061 2568 Plus

159 2603 183 2644 7.
203 2594 235 2643 Se
246 2592 380 2642 detourner
395 2607 437 2640 sur
452 2590 569 2639 Interam·
619 2586 671 2635 loin
683 2586 740 2634 Tac.
752 2586 775 2634 le
788 2600 884 2634 nomme
897 2582 1016 2633 affranohi
1029 2583 1063 2632 de

125 2657 263 2722 nium(auj.
272 2656 364 2721 Tarni),
372 2657 434 2706 daus
443 2653 569 2711 l'Ombrie,
620 2650 733 2702 Vitellius
743 2651 869 2714 (libertum
878 2652 976 2714 uuum),
988 2665 1061 2714 parce

125 2743 159 2776 au
172 2742 198 2774 n.
209 2740 231 2774 e.
245 2723 276 2772 de
290 2723 403 2780 Neruio,
421 2720 464 2786 qui
480 2729 517 2769 cst
529 2734 572 2768 sur
620 2731 669 2781 que
686 2717 722 2764 les
734 2713 865 2764 affranohis
883 2716 915 2764 de
933 2717 956 2763 la
968 2714 1061 2762 maison

124 2792 151 2843 la
160 2790 218 2841 ¹uoie
229 2786 408 2838 Flaminienne.
621 2780 747 2846 imperiale
759 2796 785 2829 se
797 2780 992 2829 transmettaient
1004 2794 1062 2827 aveo

160 2864 185 2904 8.
210 2855 345 2904 Modestum
366 2852 515 2914 coemptum,
537 2864 571 2896 uu
620 2847 644 2895 le
667 2850 737 2894 trono
759 2861 790 2893 au
814 2845 902 2897 nourel
922 2860 1060 2909 empereur·

126 2921 228 2972 modale
240 2919 271 2967 de
284 2927 394 2967 retenue.
621 2911 658 2960 Cf.
673 2912 697 2970 l,
714 2917 756 2970 tc,
770 2919 827 2959 note
841 2917 876 2960 16.

161 2994 185 3036 9.
197 2980 569 3040 Tristibuuallairesftcheuses.
654 2983 675 3025 3.
698 2976 842 3038 Tamquam.
852 2975 881 3026 V.
889 2992 924 3040 gr.
934 2975 999 3024 de'T.
1010 2982 1060 3024 130.

162 3058 199 3101 10.
219 3049 404 3100 Germanicum.
418 3047 439 3096 ll
448 3047 512 3095 avait
521 3045 572 3111 pris
653 3040 1061 3103 4.Diptoaatessautconduus,

127 3133 158 3167 oe
170 3130 228 3165 nom
240 3114 302 3163 dans
313 3129 340 3162 sa
352 3113 432 3162 lettre.
621 3107 682 3155 dent
702 3106 719 3154 il
738 3115 774 3154 est
786 3104 901 3169 question
916 3121 948 3154 au
966 3105 1005 3154 oh.
1019 3113 1060 3163 54,

163 3190 199 3231 ll.
227 3179 327 3229 Ambitu
355 3179 478 3235 civitatis,
507 3175 573 3224 bom·
622 3169 1063 3228 noter,etaientdoncaussidonnes

127 3261 212 3313 mages
226 3245 258 3295 de
273 3246 297 3293 lu
308 3243 374 3293 ville.
621 3251 666 3302 par
678 3237 713 3284 les
721 3234 839 3284 autoritas
848 3235 1010 3300 provinciales
1019 3235 1062 3299 qui

161 3319 219 3361 ⁰⁸.
239 3319 259 3359 1.
273 3310 301 3359 V.
316 3308 355 3358 ch.
367 3315 408 3366 58,
421 3315 479 3356 note
491 3303 515 3354 2.
622 3301 750 3350 mettaient
764 3316 795 3348 en
815 3304 864 3350 tete
883 3301 1062 3365 (prescribere)

162 3386 186 3428 2.
200 3377 306 3426 Casama
322 3374 438 3431 tibertus,
454 3369 572 3420 atl'ranchi
622 3368 646 3416 le
661 3382 717 3415 nom
729 3365 763 3413 du
777 3363 870 3429 prinae.

128 3440 258 3508 imperial,
278 3439 321 3504 qui
341 3437 404 3488 avait
424 3453 480 3486 sans
499 3437 574 3485 doute
658 3440 679 3480 5.
699 3431 891 3487 Contumeliam,
911 3431 1013 3480 attribut
1032 3431 1064 3482 de

127 3509 226 3567 obtenu
244 3521 302 3555 sous
321 3520 354 3553 un
379 3502 423 3552 dos
445 3502 573 3569 pre'de'ees-
624 3498 752 3562 quadum:
770 3510 863 3547 comme
875 3495 1008 3564 injur-icus.
