2326 3922
162 243 224 310 202
387 258 531 308 oonnnnn
551 262 651 309 rucrri
671 265 885 310 msroamnun

161 411 244 469 pere.
273 393 449 469 Completur
462 396 542 454 caede
557 399 705 472 quantum
723 398 805 456 inter
819 399 1100 473 eastramurosque

161 495 250 551 vacui
273 493 342 554 fuit.

202 604 252 662 30.
276 602 321 660 Ac
345 619 451 661 rursus
481 622 560 664 nova
585 605 723 665 laborum
748 605 862 664 facies:
890 605 988 664 ardua
1013 607 1099 666 urbis

160 704 287 772 moenia,
302 720 401 761 saxeae
412 706 527 774 turres,
543 705 652 764 ferrati
667 708 825 782 portarum
841 706 957 774 obices,
970 706 1100 765 vibrans

160 803 223 859 tela
237 801 338 870 miles,
362 801 505 876 frequens
520 803 746 878 obstrictusque
761 803 939 863 Vitellianis
958 805 1100 879 partibus

161 899 373 957 Cremonensis
405 899 547 975 populus,
586 917 698 976 magna
726 917 798 976 pars
827 901 927 959 ltaliae
956 903 1038 959 stato
1067 902 1099 959 in

161 997 281 1055 eosdem
306 997 370 1056 dies
395 1000 530 1055 mereatu
556 1001 756 1072 congregata,
784 998 863 1073 quod
889 997 1100 1057 defensoribus

161 1094 311 1151 auxilium
326 1094 363 1152 ob
378 1094 622 1163 multitudinem,
646 1097 894 1170 oppugnantibus
915 1097 1098 1155 incitamen-

160 1196 226 1250 tum
248 1192 285 1250 ob
300 1192 433 1266 praedam
448 1195 526 1250 erat.
550 1193 631 1268 Rapi
653 1193 739 1267 ignes
754 1194 907 1251 Antonius
928 1193 1100 1268 inferrique

160 1291 374 1348 amoenissimis
400 1292 489 1349 extra
514 1290 619 1348 urbem
645 1291 781 1350 aedificiis
802 1291 907 1367 jubet,
936 1294 962 1351 si
988 1293 1100 1351 damno

160 1406 261 1446 rerum
277 1405 400 1447 suarum
415 1387 631 1446 Cremonenses
646 1388 684 1446 ad
698 1389 875 1447 mutandam
890 1388 979 1447 fidem
995 1392 1098 1449 trahe·

159 1488 295 1544 renturl.
313 1486 491 1562 Propinqua
501 1486 597 1544 muris
608 1487 690 1544 tecta
701 1488 731 1544 et
742 1485 938 1546 altitudinem
950 1491 1099 1548 moenium

160 1602 282 1660 egressa
300 1585 466 1643 fortissimo
482 1602 599 1659 quoque
614 1585 747 1643 militum
763 1587 910 1662 complet;
933 1589 980 1646 illi
1002 1590 1099 1648 trabi·

158 1683 215 1740 bus
234 1684 406 1758 tegulisque
427 1685 458 1741 et
478 1682 594 1741 facibus
618 1687 862 1760 propugnatores
876 1685 1054 1745 deturbant.

200 1793 250 1853 31.
275 1792 344 1850 Jam
368 1791 503 1867 legiones
524 1793 556 1849 in
577 1793 763 1851 testudinem
788 1793 1047 1868 glomerabantur,
1067 1797 1100 1854 et

159 1892 232 1950 aliil
255 1890 318 1949 tela
332 1907 465 1965 saxaque
481 1891 688 1961 incutiebant,
706 1910 774 1950 cum
789 1891 1007 1966 languescere²
1025 1913 1100 1970 pau·

159 1989 248 2047 latim
262 1989 499 2049 Vitellianorum
514 1990 621 2048 animi.
649 1990 692 2048 Ut
708 1992 776 2065 quis
795 1991 920 2049 ordine³
941 1992 1097 2063 anteibat,

160 2087 266 2144 cedere
281 2086 426 2155 fortunae,
451 2104 488 2144 ne
503 2087 650 2145 Cremona
665 2105 783 2162 quoque
798 2091 901 2148 excisa
915 2090 1001 2149 nulla
1016 2091 1100 2151 ultra

159 2186 251 2243 venia
265 2185 422 2259 omnisque
438 2185 485 2242 ira
499 2185 627 2243 victoris
647 2203 706 2243 non
723 2188 754 2244 in
769 2187 898 2262 vulgus⁴
920 2188 1026 2265 inops,
1044 2190 1098 2248 sed

160 2282 191 2339 in
212 2282 351 2340 tribunos
371 2283 637 2356 centurionesque,
665 2283 718 2341 ubi
740 2289 873 2358 pretium
898 2291 988 2349 caedis
1011 2295 1095 2361 erat,

158 2383 376 2442 reverteretur.
405 2380 571 2454 Gregarius
592 2380 680 2437 miles
701 2380 798 2441 futuri
821 2401 922 2444 socors
943 2389 974 2445 et
1011 2388 1097 2463 igno-

157 2478 279 2536 bilitate
301 2479 398 2536 tutior
418 2478 596 2553 perstabat:
619 2479 692 2553 uagi
713 2497 769 2554 per
789 2483 872 2552 vias,
902 2485 933 2542 in
956 2486 1098 2546 domibus

157 2576 271 2644 abditi,
299 2593 464 2651 pacemne
494 2578 560 2632 tum
581 2574 702 2649 quidem
734 2579 863 2637 orabant
888 2599 955 2638 cum
981 2582 1097 2642 bellum

156 2675 339 2750 posuissent.
372 2674 546 2732 Primores⁵
572 2674 742 2732 castrorum
768 2694 877 2736 nomen
902 2680 995 2754 atque
1022 2682 1097 2743 ima·

158 2774 245 2846 gines
260 2771 379 2831 Vitellii
395 2770 599 2839 amoliuntur;
621 2772 745 2830 catenas
761 2773 888 2832 Caecinae
905 2777 985 2851 (nam
1001 2781 1097 2840 etiam

157 2873 222 2929 tum
241 2871 363 2929 vinctus
389 2871 465 2946 erat)
491 2871 654 2929 exsolvunt
678 2875 827 2948 orantque
852 2875 886 2931 ut
912 2892 1011 2934 causae
1033 2896 1097 2939 suae

192 3025 245 3066 ευ.
264 3024 285 3066 1.
303 3016 551 3066 Si-trabercutur,
573 3017 601 3065 Si
683 3023 705 3064 2.
725 3017 787 3067 Cum
803 3019 968 3081 loopucscere.
995 3021 1095 3077 L'infln,

157 3093 194 3132 est
207 3081 363 3147 quelquefois
375 3083 502 3146 employe,
521 3084 600 3131 meme
650 3080 787 3147 historique
805 3098 863 3132 avec
875 3101 924 3134 une
936 3085 1096 3151 conjonction

159 3150 220 3197 dans
238 3149 261 3196 la
273 3163 345 3230 prose
357 3146 492 3211 classique,
508 3146 540 3194 de
552 3162 600 3195 ma·
649 3148 794 3212 temporelle
806 3165 832 3198 se
844 3161 975 3202 rencontre
991 3167 1096 3206 souvent

159 3214 227 3264 nitere
240 3229 272 3277 qu
283 3212 299 3261 il
315 3213 368 3261 faut
378 3211 565 3261 sous-entendre
577 3212 600 3260 le
649 3211 711 3262 dans
723 3213 815 3263 Tacite.

159 3289 222 3344 part.
236 3278 269 3326 du
283 3285 411 3327 afemore
423 3276 600 3327 oud'unnutre
683 3302 705 3343 3·
725 3293 832 3354 ordine,
846 3311 908 3362 mg
934 3300 1020 3364 grado.

158 3344 232 3394 verbe
249 3342 399 3392 semblable:
418 3358 481 3406 pour
492 3357 598 3407 essaper,
913 3335 920 3354 '

159 3426 223 3475 pour
231 3409 283 3458 voir
291 3408 381 3457 si...v.
390 3424 426 3472 gr.
435 3407 513 3465 der,
526 3413 537 3466 fi
548 3415 597 3456 171.
766 3462 770 3472 Ι
993 3464 999 3474 0

193 3483 246 3523 8¹.
257 3482 277 3522 l.
293 3473 355 3531 Atti,
364 3473 471 3521 d’autres
484 3482 598 3539 troupes,
681 3467 704 3508 5·
723 3459 864 3518 primm&
887 3462 923 3509 ¹⁰⁸
935 3462 1040 3514 Officlers
1061 3485 1093 3519 en

681 3386 704 3425 4.
727 3378 827 3441 Vulgus,
838 3378 1093 3446 lessimplessoldats.

73 3584 83 3596 .
158 3539 304 3590 obsti-dire
317 3539 353 3588 les
365 3537 515 3590 auxiliaqres·
649 3525 762 3590 general,
776 3524 864 3593 depuis
876 3527 912 3576 les
922 3530 1076 3588 centurions.
