2346 3922
372 258 527 306 cranam.
551 259 617 301 cnr.
642 242 774 301 37—39.
996 243 1056 301 209

114 391 331 462 criminosius⁷
355 390 487 450 Blaesum
511 391 687 450 incusarent
708 389 786 465 quod
811 405 893 464 aegro
914 389 1053 466 principe

114 491 203 550 laetos
227 489 292 548 dies
312 490 429 564 ageret.
458 487 519 546 Ubi
541 490 715 563 asperatum
731 489 891 547 Vitellium
913 491 944 547 et
965 508 1053 565 posse

113 589 248 646 Blaesum
258 585 395 663 perverti
411 583 486 643 satis
497 585 598 659 patuit
613 585 652 642 iis
667 585 718 658 qui
734 585 908 661 principum
923 587 1052 647 offensas

115 687 232 746 acriter
246 685 451 762 speculantur,
466 683 544 741 datae
559 683 594 743 L.
604 683 749 742 Vitellio8
764 682 926 743 delationis
937 688 1052 760 partes.

116 786 174 844 Ille
189 785 325 843 infensus
339 783 437 841 Blaeso
453 780 646 838 aemulatione
661 798 773 856 prava,
791 782 870 854 quod
885 800 954 840 eum
969 786 1052 842 omni

116 881 262 940 dedecore
277 879 463 937 maculosum
478 878 603 951 egregia
616 876 697 935 fama
708 880 861 951 anteibat,
880 883 1054 940 cubiculum

116 979 311 1054 imperatoris
340 977 473 1045 reserat,
499 975 597 1034 filium
626 976 690 1052 ejus
719 978 993 1056 sinucomplexus
1022 984 1054 1040 et

116 1077 247 1152 genibus
262 1075 412 1135 accidens.
443 1077 572 1134 Causam
587 1074 773 1135 confusionis
788 1078 968 1150 quaerenti⁹,
993 1096 1052 1135 non

116 1193 149 1233 se
164 1176 288 1251 proprio
309 1174 392 1232 metu
408 1191 463 1230 nec
482 1173 529 1231 sui
545 1173 687 1243 anxium,
705 1173 757 1231 sed
782 1191 837 1249 pro
862 1173 973 1245 fratre,
997 1194 1053 1251 pro

115 1271 224 1330 liberis
243 1270 351 1330 fratris
371 1287 475 1346 preces
496 1269 697 1344 lacrimasque
712 1270 864 1328 attulisse.
893 1271 1022 1330 Frustra
1031 1274 1053 1310 ¹⁰

115 1369 339 1444 Vespasianum
364 1368 483 1438 timeri,
508 1385 597 1442 quem
617 1369 664 1426 tot
686 1370 875 1427 Germanicae
900 1370 1051 1445 legiones,

116 1470 163 1526 tot
177 1467 345 1543 provinciae
356 1467 473 1525 virtute
484 1483 519 1524 ac
533 1465 606 1536 fide,
625 1467 745 1524 tantum
757 1468 887 1543 denique
902 1472 1054 1528 terrarum

116 1585 152 1624 ac
177 1567 270 1624 maris
296 1564 452 1623 immensis
477 1563 585 1639 spatiis
610 1567 734 1634 arceat,
762 1566 793 1623 in
821 1567 895 1625 urbe
921 1585 956 1624 ao
982 1569 1051 1626 sinu

115 1664 284 1722 cavendum
300 1664 431 1732 hostem,
445 1664 463 1722 J
466 1663 554 1720 unios
565 1662 774 1737 Antoniosque
786 1680 860 1721 avos
870 1663 1052 1739 jactantem,

115 1763 168 1838 qui
197 1779 229 1820 se
257 1762 354 1837 stirpe
388 1761 614 1836 imperatoria¹¹
645 1778 759 1820 comem
794 1779 829 1820 ac
858 1764 1053 1838 magnificum

113 1860 265 1919 militibus
287 1861 431 1918 ostentet.
450 1860 563 1918 Versas
584 1858 657 1917 illue
679 1861 813 1917 omnium
828 1861 960 1930 mentes,
983 1862 1054 1920 dum

112 1958 259 2018 Vitellius
284 1959 451 2016 amicorum
477 1958 730 2032 inimicorumque
756 1959 916 2033 negligens
937 1959 1053 2019 fovear

114 2057 257 2114 aemulum
272 2056 421 2133 principis
436 2057 555 2115 labores
564 2058 587 2094 ¹³
605 2075 621 2114 e
636 2056 779 2114 convivio
794 2060 1052 2133 prospectantem.

114 2152 312 2212 Reddendam
332 2170 387 2228 pro
409 2154 625 2231 intempestiva
646 2155 757 2214 laetitia
771 2157 908 2214 maestam
924 2159 955 2213 et
969 2156 1054 2215 fune·

113 2253 201 2308 brem
216 2251 349 2321 noctem,
374 2269 434 2326 qua
454 2255 530 2312 sciat
547 2255 578 2312 et
593 2255 707 2312 sentiat
722 2255 828 2312 vivere
842 2254 1004 2315 Vitellium
1025 2258 1056 2313 ct

114 2352 267 2426 imperare
283 2354 330 2421 et,
348 2353 375 2410 si
390 2351 463 2427 quid
478 2350 541 2408 fato
559 2338 693 2419 accidat,
709 2350 807 2408 filium
827 2351 949 2409 habere.

157 2463 207 2522 39.
248 2463 429 2539 Trepidanti
454 2463 536 2520 inter
564 2461 661 2521 scelus
690 2464 864 2537 metumque
896 2480 933 2521 ne
959 2463 1055 2523 dilata

113 2560 209 2620 Blaesi
224 2579 306 2620 mors
321 2563 473 2620 maturam
488 2560 671 2637 perniciem,
695 2560 796 2636 palam
813 2559 900 2635 jussa
922 2563 1057 2619 atrocem

113 2659 265 2717 invidiam
279 2659 390 2728 ferret,
419 2657 536 2734 placuit
549 2674 667 2714 veneno
683 2657 834 2730 grassari;
852 2657 969 2716 addidit
983 2658 1055 2716 faci-

113 2754 185 2812 nori
209 2755 299 2814 fidem
321 2754 450 2814 notabili
477 2754 587 2830 gaudio
609 2755 741 2812 Blaesum
756 2755 893 2814 visendo.
920 2756 999 2821 Quin
1026 2759 1057 2815 et

112 2853 223 2912 audita
243 2857 289 2913 est
311 2853 481 2913 saevissima
499 2853 621 2913 Vitellii
642 2870 718 2922 vox,
743 2871 802 2928 qua
825 2872 856 2913 se
879 2855 954 2929 (ipsa
975 2855 1057 2912 enim

151 3013 173 3054 7.
188 3005 403 3064 Crimiaosiuaen
416 3002 570 3055 calomniam
617 3003 737 3053 remonuit
762 3020 806 3053 son
830 3004 937 3070 origine,
959 3022 1005 3070 par
1022 3007 1058 3057 les

114 3071 305 3135 specialemeut.
617 3069 705 3119 Junius
723 3079 748 3118 ct
764 3070 800 3119 les
812 3070 945 3130 Antonius,
963 3075 1060 3123 bOcta-

151 3144 174 3186 8.
193 3139 222 3186 L.
236 3138 341 3194 Vitellio,
351 3137 417 3188 frere
427 3135 460 3186 de
469 3134 569 3200 l'empe-
618 3134 668 3192 vie,
682 3151 747 3184 soeur
758 3135 901 3200 d'Auguste.

115 3217 184 3251 rcur.
652 3208 686 3248 12.
706 3202 772 3249 Dum
782 3202 861 3266 fovet,
875 3200 1060 3268 indicatiipeur

151 3275 173 3316 9,
194 3268 322 3328 Quaerenti
334 3283 369 3317 sc.
384 3269 457 3317 dicit.
618 3265 641 3314 le
653 3265 718 3328 subj.
738 3283 795 3316 avec
807 3269 867 3316 dum
881 3267 942 3317 dans
960 3269 984 3318 le
996 3269 1057 3319 disc.

154 3341 192 3381 10.
211 3335 337 3392 Frustra,
369 3335 384 3382 b
413 3342 478 3393 tort,
513 3347 569 3381 sans
618 3329 1018 3396 indirect‚v.gr.deTac.‚§75.

116 3397 199 3448 metit.
570 3432 572 3435 -
653 3404 687 3445 13.
716 3396 845 3461 Principis
877 3400 987 3458 labores,
1023 3400 1060 3448 les

154 3472 191 3514 11.
216 3465 301 3526 stirpe
329 3465 508 3526 imperatorio,
539 3462 570 3511 de
619 3460 978 3530 seuffrancesdel'empereur.

119 3529 216 3582 souche
246 3527 388 3595 imperiale,
413 3545 487 3596 parce
511 3527 570 3596 qu'il

924 3611 964 3662 12*
