2346 3922
344 224 461 265 amun
480 222 527 264 111.
552 221 617 265 cnr.
644 202 774 264 13-16.
995 200 1050 259 191

118 370 172 428 per
197 351 330 410 Raetiam
354 349 531 410 timebatur.
563 351 602 408 Et
627 349 810 410 Britannia¹
840 347 1000 423 Galliaque
1022 350 1053 407 et

118 448 406 528 Hispanialauxilia
422 447 567 508 Vitellius
588 450 756 518 acciverat,
782 449 959 506 immensam
980 447 1052 505 belli

117 550 213 618 luem,
241 550 274 606 ni
291 548 444 607 Antonius
465 546 496 604 id
518 547 617 623 ipsum
632 551 770 606 metuens
785 546 929 605 festinato
945 547 1054 623 proelio

116 646 280 704 victoriam
307 644 530 721 praecepissem.
566 644 718 704 Universo
747 663 815 702 eum
844 646 981 704 exercitu
1008 663 1052 703 se·

116 747 222 803 cundis
248 762 267 803 a
287 745 410 804 Verona
434 742 561 800 castris³
586 742 768 801 Bedriacum
793 746 889 805 venit.
923 746 1053 803 Postero

116 844 165 902 die
194 843 367 919 legionibus
383 841 434 899 'ad
462 841 678 900 muniendum*
707 843 851 910 scientie,
887 840 1053 901 auxiliares

116 940 256 997 cohortes
286 940 317 997 in
348 938 580 997 Cremonensem
610 957 719 1014 agrum
747 940 861 1008 missae,
893 941 927 996 ut
952 939 1053 1014 specie

116 1035 322 1112 parandarum
336 1038 491 1112 copiarum
506 1037 591 1095 civili
608 1038 711 1113 praeda
725 1038 812 1096 miles
827 1037 1051 1105 imbueretur⁵;

116 1134 181 1210 ipse
206 1153 274 1192 cum
301 1137 432 1210 quatuor
456 1136 591 1194 millibus
617 1137 754 1211 equitum
782 1136 820 1194 ad
846 1135 1006 1193 octavum⁰
1034 1153 1053 1194 a

115 1233 264 1291 Bedriaco
284 1251 479 1309 progressus,
504 1252 562 1309 quo
578 1235 721 1293 licentius
740 1234 969 1310 popularentur.
994 1235 1051 1291 Ex·

116 1331 302 1406 ploratores,
319 1334 354 1389 ut
368 1349 433 1389 mos
448 1335 508 1401 est,
525 1333 647 1408 longius
662 1332 836 1391 cursabant.

159 1442 207 1500 16.
234 1439 365 1504 Quinta¹
384 1439 479 1498 ferme
494 1441 570 1499 hora
583 1442 644 1500 diei
660 1443 742 1510 erat,
766 1457 834 1498 cum
856 1441 935 1498 citus
957 1456 1049 1515 eques

114 1539 283 1597 adventare
297 1538 415 1608 hostes,
437 1540 588 1615 praegredi
603 1558 728 1616 paucos,
752 1541 867 1597 motum
882 1538 1051 1597 fremitum-

115 1641 192 1712 que²
218 1636 280 1696 late
305 1637 405 1695 audiri
431 1638 597 1698 nuntiavit.
629 1639 709 1696 Dum
729 1638 882 1696 Antonius
908 1638 1052 1712 quidnam

115 1735 266 1811 agendum
284 1729 452 1805 consultat,
471 1737 621 1795 aviditate
635 1735 784 1795 navandae
805 1737 923 1810 operae³
943 1737 1054 1796 Arrius

114 1837 216 1895 Varus
230 1853 298 1893 cum
312 1835 548 1911 promptissimis
564 1837 701 1911 equitum
715 1835 855 1911 prorupit
872 1834 1053 1910 impulitque
1127 1838 1131 1845 ’

114 1933 298 1992 Vitellianos
319 1933 437 1990 modica
456 1932 553 2001 eaede;
578 1950 648 1989 nam
669 1933 801 2008 plurium
822 1951 948 1991 accursu
963 1951 1054 1992 versa

114 2029 252 2099 fortuna,
282 2034 314 2088 et
334 2031 501 2088 acerrimus
528 2032 656 2105 quisque
678 2033 870 2108 sequentium
890 2032 970 2107 fugae
992 2051 1053 2090 non

114 2126 241 2184 ultimus
254 2129 330 2185 erat.
347 2127 413 2185 Nec
435 2128 542 2201 sponte
556 2127 684 2185 Antonii
699 2131 924 2206 properatum⁴,
943 2133 973 2189 et
988 2130 1053 2189 iore

114 2242 181 2298 quae
210 2226 387 2283 aeciderunt
415 2225 552 2282 rebatur.
590 2226 741 2284 Hortalus
770 2244 840 2285 suos
873 2229 908 2284 ut
942 2244 1052 2301 magno

113 2323 215 2379 animo
238 2323 430 2397 capesserent
451 2337 599 2396 pugnam,
623 2323 756 2382 diductis
779 2327 810 2383 in
830 2325 928 2384 latera
942 2325 1053 2384 turmis

114 2439 244 2480 vacuum
269 2422 367 2480 medio
392 2421 540 2495 relinquit
566 2421 626 2478 iter
651 2439 709 2495 quo
736 2424 853 2483 Varum
874 2425 1053 2500 equitesque

150 2565 202 2607 ss.
224 2567 244 2606 1.
258 2558 404 2607 Britannia.
419 2558 484 2606 Pour
495 2571 556 2604 mar·

115 2640 178 2688 quer
189 2624 213 2671 le
225 2623 295 2687 point
306 2622 338 2671 de
349 2622 380 2671 dc'
400 2631 449 2678 art,
465 2621 493 2670 T.
507 2629 557 2669 met

115 2689 183 2738 l'abl.
197 2704 254 2737 avec
266 2704 296 2737 em
307 2704 339 2736 ou
351 2638 418 2736 1011.
432 2687 494 2736 seul.

149 2763 171 2802 2.
198 2754 350 2815 Praecipere,
375 2751 506 2809 s’msurer,
530 2767 557 2799 se

114 2819 187 2868 saisir
198 2817 312 2866 d'avance
324 2818 363 2866 de.

149 2893 171 2933 3.
190 2884 309 2933 Secundis
320 2884 418 2932 eastris.
434 2882 471 2931 On
483 2897 510 2929 se
522 2897 558 2929 re-

115 2948 237 2999 tranohait
257 2964 321 3013 pour
340 2963 425 3012 passer
445 2947 468 2995 la
488 2945 555 3004 nuit,

114 3016 196 3065 donc:
210 3031 241 3062 en
254 3015 319 3062 deux
328 3012 399 3076 jours
408 3011 555 3061 demarcho.

148 3089 171 3128 4.
191 3080 289 3128 Manirc
298 3079 363 3142 (sans
373 3077 555 3141 complement),

113 3145 176 3195 faire
188 3145 232 3193 des
243 3144 462 3192 retranehements.

148 3219 170 3260 5.
191 3210 220 3260 Ut
233 3238 241 3244 -
254 3211 417 3268 imbueretur,
435 3206 484 3256 afin
498 3205 558 3272 quil

113 3280 164 3341 prit
181 3277 248 3340 goirt.

149 3348 171 3389 0.
192 3341 313 3389 Octavum
325 3355 359 3390 sc.
373 3341 491 3402 lapidem,
502 3345 559 3386 8000

115 3421 160 3470 pas
172 3421 204 3455 ou
216 3412 230 3453 8
242 3405 322 3455 milles
334 3405 450 3464 romains,
461 3407 517 3470 pres
527 3403 558 3453 dc

117 3471 146 3520 12
162 3470 245 3522 lilom.

641 2564 695 2605 1⁰.
710 2565 730 2606 1.
742 2559 847 2620 Quinta.
859 2560 893 2607 Le
897 2558 956 2622 jour
965 2576 991 2608 se
999 2575 1053 2624 par-

607 2621 698 2686 tageait
717 2638 747 2671 en
767 2631 793 2672 12
814 2624 902 2673 heures
921 2624 1010 2689 depuis
1030 2625 1053 2673 le

606 2687 673 2735 lever·
688 2687 722 2736 du
735 2687 805 2736 solcil
822 2687 921 2753 jusqu'd
939 2706 984 2738 son
996 2707 1053 2739 cou-

606 2751 674 2801 cher.
698 2754 744 2801 Les
757 2753 846 2803 heures
872 2754 964 2802 etaient
988 2755 1053 2804 donc

606 2814 729 2882 d'inegale
737 2819 861 2884 longucur
869 2820 930 2868 dans
941 2819 1052 2869 lesdiilc'-

607 2891 689 2931 rentes
702 2883 806 2933 saisons.
815 2886 849 2933 La
862 2884 964 2934 sixidme
976 2885 1053 2935 heure

607 2948 795 3012 correspondait
809 2948 920 3013 toujours
932 2953 946 2999 d
957 2950 1027 2999 midi.

640 3043 662 3086 2.
691 3038 784 3086 Motum
807 3040 985 3104 [metallumque
1009 3039 1053 3099 (du

607 3112 765 3150 mouvement
785 3113 810 3151 et
830 3102 864 3151 du
886 3103 963 3167 brnit)
990 3103 1053 3153 n'est

607 3183 651 3231 pas
674 3183 708 3215 un
729 3167 880 3233 hendiadys,
902 3185 996 3218 comme
1018 3186 1051 3219 on

607 3231 722 3296 pretend,
730 3248 793 3296 pour
800 3235 932 3298 fremitum
937 3251 966 3283 ca
972 3242 1050 3285 motu.

639 3322 661 3363 3.
675 3315 806 3364 11000οι10
817 3331 911 3378 opera,
921 3315 953 3365 dc
961 3316 1051 3366 rendre

608 3378 652 3428 des
664 3379 779 3430 services.

642 3476 665 3517 4.
684 3468 853 3535 Properatnm
865 3485 899 3520 sc.
912 3476 977 3521 erat.
