2346 3922
174 175 233 237 180
397 191 540 236 connum
562 168 661 235 rucrrr
682 189 894 251 msroamnuu

173 347 208 388 ac
220 329 363 405 providos
378 331 585 404 permoveret,
599 329 711 402 vulgus
726 328 757 386 et
772 325 888 386 ceteri¹
904 340 1003 382 unum
1014 321 1117 383 virum

173 427 353 503 ducemque,
375 430 479 496 spreta
497 427 628 487 aliorum
648 427 796 502 segnitia,
818 423 962 483 laudibus
983 422 1113 483 ferrent.

173 527 260 585 Hanc
277 528 344 585 sui2
359 524 471 585 famam
486 543 522 584 ea
537 526 642 585 statim
658 527 801 585 contione
815 524 1042 592 commoverat,
1057 539 1115 597 qua

172 625 312 683 recitatis
327 626 509 701 Vespasiani
525 625 685 702 epistulis³
700 642 761 683 nou
779 625 815 683 ut
833 621 973 698 plerique
993 622 1115 679 incerta

174 724 334 793 disseruit,
357 724 416 782 huc
437 724 509 783 illuc
534 728 691 784 tracturus
721 723 994 800 interpretatione,
1023 723 1114 797 prout

173 823 401 891 conduxisset⁴;
419 827 525 899 aperte
540 824 732 883 descendisse
747 823 779 881 in
794 839 917 881 causam
932 821 1111 888 videbatur,

174 937 269 994 eoque
288 920 414 994 gravior
432 921 583 980 militibus
602 924 670 981 erat
688 921 785 998 culpae
803 921 853 981 vel
875 921 982 994 gloriae
997 919 1110 978 socius.

214 1044 244 1104 l.
270 1043 417 1101 Proxima
432 1041 566 1102 Cornelii
582 1043 690 1101 Fusci¹
703 1040 912 1118 procuratoris
926 1041 1110 1099 auctoritas.

174 1143 203 1200 Is
218 1160 337 1217 quoque
352 1141 551 1200 inclementer
566 1142 597 1199 in
609 1141 770 1200 Vitellium
786 1141 890 1200 invehi
905 1140 1017 1198 solitus
1033 1138 1112 1198 nihil

172 1240 236 1314 spei
253 1239 311 1296 sibi
324 1240 406 1298 iuter
416 1239 546 1298 adversa
556 1238 736 1314 reliquerat.
751 1238 897 1315 Tampius
909 1233 1110 1307 Flavianus&

172 1339 284 1393 natura
312 1353 348 1394 ac
376 1338 499 1394 senecta
524 1336 729 1406 cunctantior,
761 1337 950 1412 suspiciones
976 1337 1111 1395 militum

173 1435 331 1504 irritabat,
349 1436 523 1510 tamquam³
541 1435 701 1494 affinitatis
718 1453 786 1494 cum
808 1434 935 1497 Vitellio
955 1437 1110 1495 meminis·

172 1537 232 1603 set;
258 1534 412 1608 idemque,
430 1532 509 1608 quod
524 1537 678 1610 coeptante
692 1534 847 1610 legionum
862 1539 946 1594 motu
962 1535 1111 1611 profugus

172 1632 243 1690 dein
262 1636 369 1707 sponte
388 1636 593 1702 remeaverat,
615 1631 751 1709 perfidiae
769 1633 868 1692 locum
884 1633 1031 1708 quaesisse
1045 1651 1108 1692 cre·

172 1731 310 1791 debatur.
328 1730 408 1789 Nam
420 1730 617 1803 Flavianum,
631 1734 744 1792 omissa
758 1732 921 1815 Pannonia
936 1732 1110 1806 ingressum

171 1829 294 1886 Italiam
314 1829 345 1885 et
366 1827 536 1888 discrimini
556 1832 745 1905 exemptum,
766 1848 869 1889 rerum
889 1848 1040 1889 novarum
1059 1850 1109 1889 cu-

171 1927 242 2002 pido
267 1926 379 2000 legati⁴
409 1944 519 1986 nomen
548 1930 720 1987 resumere⁵
750 1931 780 1987 et
811 1928 934 1986 misceri
964 1928 1111 1986 civilibus

172 2025 266 2082 armis
288 2023 467 2099 impulerat,
492 2024 638 2084 suadente
659 2025 799 2084 Cornelio
820 2027 935 2095 Fusco,
956 2044 1017 2084 non
1037 2027 1111 2102 quia

172 2123 324 2182 industria
350 2122 492 2181 Flaviani
518 2122 638 2196 egebat,
662 2123 714 2180 sed
740 2125 774 2181 ut
795 2116 975 2181 consulare⁸
999 2141 1110 2181 nomen

171 2222 369 2299 surgentibus
379 2239 447 2280 cum
459 2221 610 2280 maxime⁷
625 2221 765 2296 partibus
777 2221 905 2281 honesta
920 2221 1021 2296 specie
1033 2238 1110 2297 prae·

172 2321 360 2382 tenderetur.

207 2493 237 2534 ³.
251 2492 272 2534 l.
283 2482 491 2547 Vulpeselceteri.
501 2481 615 2533 L'auteur

173 2565 267 2615 opposc
290 2551 326 2598 les
348 2549 450 2614 simples
473 2548 565 2598 scidals
591 2558 616 2599 et

171 2624 225 2665 torm
237 2617 270 2664 les
284 2622 369 2664 autres
381 2616 465 2663 dceux
479 2613 538 2679 qu'il
549 2614 614 2663 vient

171 2681 203 2729 de
218 2697 329 2729 nommer
344 2683 515 2743 circonspecte.

204 2754 225 2796 2.
244 2746 304 2805 Sui,
326 2748 384 2810 gen.
403 2744 454 2807 obj.
473 2745 505 2809 (v.
527 2760 564 2809 gr.
582 2744 614 2793 de

171 2812 229 2861 Tac.
247 2813 293 2876 au).

204 2885 225 2927 3.
245 2877 375 2939 appstolis.
390 2873 429 2925 Gi.
441 2876 464 2933 l,
479 2882 519 2931 74,
534 2890 559 2922 n.
570 2881 593 2922 d.

203 2953 225 2992 4.
240 2940 461 3004 Pourintcrpreter
468 2956 506 2989 ses
515 2941 614 3004 paroles

171 3008 233 3057 dans
245 3025 279 3056 un
291 3023 347 3056 sens
359 3022 391 3056 ou
404 3006 465 3055 dans
481 3023 515 3054 un
527 3014 611 3064 autre,

170 3073 239 3122 selon
253 3089 291 3122 ses
303 3072 413 3121 interea.

205 3147 236 3187 ι.
256 3147 277 3187 1.
291 3137 420 3187 Cornelius
432 3137 534 3186 Fuscus.
545 3137 573 3186 V.
584 3152 612 3185 ce

170 3219 219 3268 que
231 3204 259 3251 T.
271 3202 307 3252 dil
318 3201 392 3252 delui
402 3217 433 3250 au
446 3203 463 3250 l.
475 3201 511 3258 ll,
522 3201 561 3249 ch.
573 3209 610 3250 86.

169 3269 218 3318 Sur
224 3275 379 3332 procurator
393 3266 426 3315 ci.
438 3267 461 3324 1,
473 3275 495 3323 7,
505 3276 562 3314 note
571 3276 593 3315 4.

202 3342 225 3385 2.
244 3334 405 3383 Gouverncur
414 3332 445 3381 de
454 3332 478 3379 la
485 3332 613 3381 Pannonia

664 2483 885 2546 (ripacorcensem
894 2498 944 2545 pro
954 2489 1064 2546 pretore
1076 2499 1111 2533 ou

663 2550 758 2611 lcqatus
770 2550 928 2604 romulam).

697 2621 719 2663 3.
731 2614 875 2676 Tamquam.
887 2613 943 2671 v.1‚
954 2619 989 2662 16.
998 2622 1108 2674 ποίους

663 2679 786 2728 traduisez
799 2678 845 2727 ici:
859 2695 890 2727 on
903 2677 1071 2744 discitque...

695 2753 718 2792 l.
727 2745 812 2807 Legati
818 2759 852 2792 sc.
862 2745 1010 2797 consolaris.
1018 2745 1046 2796 V.
1054 2753 1109 2794 aa.

696 2816 719 2858 5.
737 2809 882 2867 desumere,
897 2807 1002 2857 infinitis
1011 2825 1043 2858 au
1056 2809 1110 2859 lieu

663 2875 695 2925 de
706 2881 735 2924 at
752 2889 810 2924 auec
827 2875 852 2924 le
863 2872 928 2937 subj.
941 2878 1014 2938 apres
1026 2878 1110 2938 impu-

662 2943 735 2990 lerat.
749 2939 777 2989 V.
791 2956 828 3005 gr.
842 2939 873 2988 de
885 2940 913 2990 T.
923 2947 962 2990 45.

695 3012 716 3055 6.
737 3005 874 3055 Comma-e
885 3016 987 3062 nomen,
1005 3021 1062 3053 nom
1075 3005 1109 3054 de

662 3070 801 3120 licutenant
829 3069 968 3120 consuluire
996 3072 1109 3136 (geuuer-

662 3138 742 3200 ocur).

695 3208 717 3250 7.
737 3200 901 3263 Surqculibus
920 3217 977 3250 cum
996 3205 1109 3252 maxime

661 3267 791 3328 portibus,
805 3266 869 3330 parti
882 3266 925 3330 qui
942 3269 1006 3315 dame
1021 3284 1046 3317 cc
1057 3284 1108 3317 roo

661 3332 816 3381 incautissime
829 3347 855 3380 se
862 3331 972 3382 'sormait
