2346 3922
185 250 246 309 302
415 264 560 308 coannnn
582 265 682 308 morri
704 265 919 310 ntsroanaun

183 400 303 468 viles¹¹‚
329 400 422 458 etiam
444 401 470 458 si
492 403 738 471 reverterentur3
760 403 974 460 accusatorum
997 402 1128 480 ingenia

184 502 215 556 et
230 516 301 573 opes
320 500 351 556 et
365 500 501 556 exercita
516 500 604 558 malis
626 501 744 559 artibus
759 502 898 576 potentia
919 501 1123 563 timebantur.

225 598 265 657 45
286 596 529 655 Reconciliavit¹
555 599 713 673 paulisper
740 599 841 657 studia
866 601 990 674 patrum
1016 591 1127 659 habita

183 695 215 752 in
231 698 337 753 senatu
353 695 489 769 cognitio
511 696 675 754 secundum
690 699 825 756 veterem
841 714 967 757 morem.
987 699 1126 758 Manlius

184 794 345 852 Patruitus
372 795 495 852 senator
519 794 673 869 pulsatum
698 813 730 854 se
760 797 792 853 in
817 795 937 854 colonia
964 797 1128 858 Seniensi²

183 895 282 951 coetu3
297 892 504 950 multitudinis
520 895 551 950 et
561 891 649 966 jussu
665 893 902 967 magistratuum
918 895 1124 968 querebatur;

184 1010 239 1049 nec
253 992 343 1050 finem
363 991 485 1066 injuriae
501 991 550 1049 hie
566 992 708 1050 stetisse:
726 991 882 1067 planetum
898 994 929 1050 et
944 993 1082 1051 lamenta
1096 996 1129 1052 et

184 1108 393 1165 supremorum
415 1089 599 1163 imaginem*
614 1091 757 1164 praesenti
774 1090 833 1148 sibi
849 1090 1041 1150 circumdata
1057 1110 1127 1150 oum

183 1187 374 1245 contumeliis
400 1203 435 1243 ac
461 1186 598 1260 probris,
627 1204 693 1261 quae
720 1188 751 1244 in
777 1192 916 1248 senatum
942 1191 1127 1249 universum

176 1286 384 1362 jacerenturf’.
402 1285 512 1346 Vocati
527 1285 579 1359 qui
595 1285 815 1360 arguebantur,
837 1291 868 1346 et
890 1290 1017 1363 cognita
1033 1307 1128 1348 eausa

181 1386 213 1442 in
233 1386 389 1442 convictos
411 1384 618 1451 vindicatum,
643 1384 839 1458 additumque
857 1391 981 1446 senatus
1004 1389 1128 1446 eonsul-

181 1485 246 1541 tum
273 1501 331 1557 quo
364 1482 558 1541 Seniensium
583 1482 686 1556 plebes
712 1483 868 1541 modestiae
894 1485 1125 1543 admoneretur.

183 1580 282 1637 Isdem
302 1579 409 1637 diebus
434 1579 587 1637 Antonius
607 1581 745 1638 Flamma
770 1580 1019 1655 Cyrenensibus⁶
1045 1585 1127 1641 dam-

168 1683 276 1737 natur
297 1679 363 1755 lege
386 1679 653 1754 repetundarum⁷,
685 1683 716 1738 et
742 1680 851 1740 exsilio
872 1680 910 1737 ob
935 1681 1104 1741 saevitiam.

226 1794 276 1851 46.
302 1794 388 1850 Inter
409 1810 475 1866 quae
496 1792 641 1850 militaris
661 1786 771 1851 seditio
786 1809 880 1868 prope
895 1793 1024 1853 exarsit.
1043 1795 1127 1852 Prae-

184 1890 336 1947 torianam
358 1889 501 1947 militiam
523 1891 703 1965 repetebant
724 1908 743 1949 a
761 1891 887 1950 Vitellio
903 1891 1022 1948 dimissi
1032 1893 1051 1960 ¹,
1071 1909 1128 1967 pro

185 1988 376 2063 Vespasiano
398 1987 594 2063 congregati;
619 1989 651 2045 et
671 1987 768 2045 lectus
791 1987 823 2044 in
839 1987 965 2045 eandem
988 1991 1130 2063 spcm²e

219 2161 253 2201 ll.
277 2152 351 2210 Viles,
377 2167 434 2201 sans
453 2152 546 2210 talcar,
571 2165 629 2199 sans

186 2218 348 2283 importance.

219 2290 273 2331 45.
293 2292 313 2332 1.
332 2284 516 2332 Reconciliavit.
535 2281 569 2330 Ge
585 2279 629 2345 qui

184 2349 220 2397 lui
230 2364 329 2397 tamena
341 2365 375 2396 un
383 2348 476 2396 instant
485 2349 520 2396 les
529 2347 627 2411 esprits,

184 2430 212 2463 ce
230 2414 298 2463 sut...
320 2414 354 2463 Ge
371 2430 427 2462 sens
444 2423 479 2462 est
491 2413 573 2462 donne
586 2429 630 2476 par

185 2481 209 2529 la
221 2480 309 2544 phrase
321 2495 365 2528 nee
376 2481 429 2527 ideo
438 2481 515 2528 lenito
525 2506 558 2514 -
567 2481 630 2527 invi-

186 2548 229 2594 dio
241 2546 275 2594 du
287 2545 326 2595 oh.
343 2545 485 2608 precedent.

218 2619 240 2659 2.
261 2611 362 2660 Colonia
373 2611 509 2667 seniensis,
521 2625 553 2658 ou
563 2608 629 2658 Sena

185 2677 270 2734 lulio,
284 2675 381 2725 colonie
393 2691 424 2723 en
442 2673 554 2732 Etruria,
575 2674 628 2722 fon·

186 2743 232 2790 dc'o
250 2757 294 2806 par
310 2742 436 2806 Augusto,
456 2738 506 2803 auj.
526 2739 627 2789 Sicnne.

213 2815 234 2856 3.
244 2807 320 2864 Catu,
327 2806 389 2855 dans
398 2814 628 2870 unattroupement.

214 2881 237 2921 4.
262 2873 444 2934 Supremorum
477 2873 627 2934 imaginem,

187 2940 266 3002 image
278 2938 322 2985 des
335 2936 486 2986 iuiie‘railles.

220 3012 241 3052 5.
260 3004 417 3060 docerentur,
439 3001 505 3065 subj.
525 3004 539 3050 a
556 3016 630 3051 cause

187 3069 220 3117 du
234 3067 345 3117 discours
359 3067 474 3116 indirect.

219 3141 241 3182 6.
256 3135 444 3197 Cyrenensibus.
453 3133 561 3182 Flamma
571 3131 630 3180 erait

187 3200 318 3264 proconsul
332 3199 363 3247 de
375 3198 425 3248 l'ile
437 3198 468 3246 de
478 3199 558 3255 Gr'ete,
573 3213 630 3260 pro-

186 3264 256 3314 vince
268 3265 329 3313 dont
341 3264 422 3312 faisait
434 3263 512 3328 partie
524 3264 628 3329 Cyrene,

187 3348 229 3378 sur
244 3331 280 3378 les
295 3334 362 3379 cotos
378 3328 554 3394 d'dlrique.-
566 3330 631 3378 Pour

188 3397 211 3445 lo
223 3395 297 3452 datii,
309 3411 330 3443 u.
345 3396 429 3444 Gantr.
441 3401 497 3454 §95-

220 3462 468 3522 amputandarum
493 3476 528 3508 sc.
557 3476 621 3522 pecu

188 3529 291 3576 nicrum
308 3529 402 3577 orinten
420 3535 631 3596 estpropmment

679 2150 703 2199 le
716 2149 791 2200 crime
801 2149 834 2199 du
847 2149 974 2215 magistrat
990 2150 1033 2216 qui
1046 2162 1130 2202 extor-

680 2231 729 2281 que
741 2215 772 2264 de
784 2216 886 2282 l'argent
897 2232 945 2264 aux
959 2215 1070 2280 sujetset
1079 2235 1128 2269 aux

679 2281 1056 2347 allie'sdellome(argentqu'on
1087 2294 1129 2333 eut

679 2348 799 2396 reclamet·
808 2346 913 2405 ensuite,
927 2301 1129 2412 repensatum

679 2411 804 2477 l'empire,
822 2429 850 2461 ce
859 2411 975 2477 n'estpas
988 2415 1130 2465 seulement

679 2478 703 2527 le
726 2477 801 2527 crime
825 2478 856 2526 de
875 2478 1035 2538 concussion,
1066 2481 1128 2530 mais

679 2559 768 2593 encore
784 2543 849 2592 celui
865 2542 897 2592 de
908 2544 1031 2594 mauvaisc
1048 2546 1126 2595 admi-

680 2606 808 2657 nistration
821 2625 851 2657 cn
862 2610 970 2673 general.
981 2611 1127 2662 Condamus

680 2690 743 2738 pour
754 2673 842 2738 simple
857 2675 1019 2734 concussion,
1032 2677 1059 2726 le
1071 2693 1128 2727 con-

680 2738 1126 2805 pablcn'auraite'tetenuqu'alares·

681 2804 779 2854 titution
796 2805 828 2853 de
846 2814 933 2869 quatre
945 2805 992 2855 fois
1005 2808 1028 2856 la
1042 2810 1128 2859 valeur
1144 2857 1148 2864 ,

680 2871 711 2919 de
727 2886 755 2919 ce
768 2869 827 2934 qu'il
840 2869 903 2918 avait
921 2886 979 2928 recu
993 2882 1017 2923 et
1034 2876 1050 2921 a
1069 2866 1127 2923 l‘ox·

680 2934 775 2985 clusion
785 2935 818 2983 du
832 2938 915 2993 senat,
928 2935 1127 2991 conformement

680 3005 694 3050 a
707 3002 730 3049 la
742 3003 781 3049 leue
797 3001 868 3050 lulio
884 3000 925 3065 (de
940 3002 1009 3052 Jules
1026 3004 1126 3064 Cesar);

680 3065 716 3115 s'il
728 3065 766 3114 int
780 3066 840 3130 puni
857 3065 888 3114 de
901 3067 966 3115 l’exil
976 3104 983 3126 ,
994 3068 1055 3118 c'est
1067 3070 1128 3135 qu'il

680 3131 1130 3186 avaitcommisdesaetcsdecruante'

682 3199 719 3261 (ob
731 3199 871 3258 servitium).
1099 3243 1111 3255 ,

713 3271 768 3311 46.
788 3271 808 3312 l.
829 3264 938 3312 Dicitissi.
956 3264 1074 3316 Vitellius
1092 3268 1130 3319 las

680 3328 743 3378 avait
761 3327 878 3377 licencies
895 3331 967 3393 apres
986 3331 1008 3378 la
1025 3331 1129 3383 victoira

680 3396 712 3443 de
731 3393 833 3443 Bc'driac
853 3405 877 3442 et
893 3395 917 3443 la
935 3405 999 3444 mort
1017 3396 1129 3449 d’othon

680 3461 722 3525 (ll,
736 3467 765 3508 49
777 3470 801 3508 et
810 3459 855 3522 st).

714 3533 736 3574 2.
756 3525 784 3574 ln
800 3541 881 3593 spem,
895 3540 917 3573 u.
936 3541 972 3591 gr.
987 3525 1018 3575 de
1031 3527 1060 3577 T.
1076 3537 1124 3581 148.
