2346 3922
118 208 181 272 290

118 349 367 429 impedimentis9'
389 353 578 429 sarcinisque
599 354 735 431 expediti
745 356 768 390 ¹⁰
788 355 958 414 certarent.
982 355 1061 413 Hinc

120 452 153 509 in
175 451 281 509 ducem
310 450 425 508 clamor
453 468 587 527 pugnam
615 453 824 528 poscentium;
849 453 916 510 et¹¹
949 454 1060 512 minari

117 547 330 607 assueverant.
348 546 396 605 Ne
411 548 548 624 tempore
563 550 685 625 quidem
696 550 735 608 ad
750 550 953 608 ordinandam
964 551 1061 609 aciem

117 649 206 721 capto
227 646 422 721 incompositi
444 645 576 722 fessique
594 649 737 725 proelium
759 666 933 724 sumpsere;
958 651 1060 708 nam¹²

116 742 226 801 Civilis
241 742 365 811 aderat,
383 759 444 801 non
463 745 565 802 minus
580 745 668 803 vitiis
684 747 819 804 hostium
833 765 925 822 quam
941 749 1058 806 virtute

115 860 239 901 suorum
259 842 366 903 fretus.
391 841 488 900 Varia
507 842 586 917 apud
606 843 760 902 Romanos
781 842 907 902 fortuna
929 847 960 903 et
983 845 1057 902 sedi-

115 943 302 1001 tiosissimus
333 940 460 1015 quisque
490 941 642 1015 ignavus3
674 941 798 1016 quidam
832 942 968 1001 recentis
997 943 1056 1000 vic·

114 1041 203 1099 toriae
224 1057 373 1098 memores
394 1040 528 1097 retinere
550 1040 666 1108 locum,
689 1038 783 1098 ferire
804 1040 942 1111 hostem,
967 1058 1055 1115 seque

115 1143 146 1199 et
171 1140 327 1216 proximos
351 1137 487 1207 hortari,
515 1140 546 1196 et
568 1139 780 1213 redintegrata
800 1139 867 1198 acie
888 1157 998 1198 manus
1019 1140 1053 1197 ad

116 1239 255 1296 obsessos
279 1237 405 1296 tendere
437 1254 475 1295 ne
500 1238 631 1312 tempori
660 1238 811 1296 deessent.
834 1239 883 1296 Illi
906 1242 1053 1297 cunctae

114 1339 211 1396 muris
232 1338 392 1395 cernentes
414 1336 554 1394 omnibus
569 1337 666 1413 portis
685 1339 899 1413 prorumpunt.
918 1339 964 1396 Ac
979 1338 1053 1396 forte

115 1436 223 1494 Civilis
242 1436 329 1511 lapsu
355 1433 424 1509 equi
450 1437 640 1509 prostratus,
663 1434 786 1493 credita
810 1452 866 1510 per
891 1437 1052 1511 utrumque

114 1532 282 1589 exercitum
304 1530 385 1590 fama
405 1531 600 1589 vulneratum
615 1534 669 1590 aut
691 1532 903 1603 interfectum,
923 1535 1051 1593 immane

113 1632 261 1706 quantum
270 1631 293 1667 ¹³
313 1631 376 1688 suis
397 1628 522 1704 pavoris
537 1631 568 1687 et
583 1628 722 1687 hostibus
741 1630 914 1689 alacritatis
930 1632 1048 1690 indidit.

114 1727 173 1786 Sed
188 1726 305 1787 Vocula
320 1726 441 1784 omissis
453 1725 636 1800 fugientium
649 1728 746 1801 tergis
761 1729 878 1787 vallum
892 1730 1051 1805 turresque

112 1828 284 1885 castrorum
304 1825 454 1900 augebat,
477 1827 634 1899 tamquam
654 1843 762 1884 rursus
787 1826 940 1885 obsidium
960 1829 1051 1886 immi-

71 1929 74 1934 '
112 1927 217 1994 neret,
249 1925 394 1999 corrupta
421 1923 514 1981 toties
544 1925 677 1983 victoria
706 1942 768 1983 non
792 1925 869 1984 falso
894 1931 1049 2003 suspectus

112 2024 227 2082 bellum
249 2023 351 2084 malle.

350 219 494 267 CORNELII
515 222 616 269 rhem
637 220 851 269 maronianum

153 2144 203 2202 35.
227 2143 316 2203 Nihil
335 2161 420 2219 aeque
442 2147 596 2206 exercitus
611 2151 732 2208 nostros
748 2167 840 2225 quam
861 2152 984 2225 egestas
1006 2165 1048 2208 co-

111 2240 231 2315 piarum
257 2236 419 2313 fatigabat.
453 2241 703 2316 Impedimenta¹.
722 2245 877 2322 legionum
903 2266 972 2305 cum
998 2249 1048 2306 im-

115 2337 207 2397 belli2
221 2337 313 2396 turba
326 2336 503 2395 Novaesium
518 2339 627 2410 missa,
649 2343 683 2399 ut
699 2343 769 2401 inde
783 2345 925 2402 terrestri
940 2346 1048 2403 itinere

115 2436 301 2494 frumentum
319 2435 522 2507 adveherent;
541 2455 611 2497 nam
629 2440 754 2500 flumine
775 2443 877 2500 hostes
896 2436 1049 2519 potiebanss

149 2607 172 2649 9.
192 2601 371 2663 impedimento
387 2608 442 2648 sont
454 2599 490 2648 les
502 2615 558 2664 gros

116 2666 223 2732 bagages
251 2665 283 2714 de
312 2664 424 2722 Parmae,
453 2668 559 2714 soreiaae

116 2741 172 2782 sont
200 2733 236 2781 les
264 2731 371 2797 hagages
400 2733 483 2795 portes
514 2747 559 2796 par

117 2798 215 2863 chaque
227 2796 316 2846 soldat.

151 2871 185 2913 10.
199 2862 326 2924 Erpedili,
335 2877 391 2910 sans
401 2864 452 2910 dtre
462 2861 557 2911 embar-

115 2931 204 2986 rassts,
218 2931 232 2975 a
248 2925 323 2976 l'aisc.

151 3003 185 3043 ll.
204 2994 377 3042 Hinc-ct-
386 3000 555 3042 assueverant.

114 3060 146 3108 El
170 3059 202 3107 lie
222 3057 254 3107 ici
275 3073 308 3106 un
329 3072 377 3121 peu
401 3057 557 3123 irreguliere·

116 3134 183 3173 ment
195 3126 226 3185 (u.
240 3139 277 3188 gr.
291 3123 322 3171 de
331 3123 388 3172 Tac.
404 3124 453 3186 108)
468 3143 473 3171 :
487 3124 521 3171 De
533 3124 557 3172 lt

114 3190 158 3238 des
179 3188 226 3239 cris
246 3197 331 3237 contre
351 3188 374 3236 le
393 3189 554 3253 general—2

113 3270 229 3304 menacer
240 3251 299 3302 erait
310 3253 407 3301 devenu
424 3269 474 3302 une
487 3253 555 3302 habi·

114 3322 182 3370 tude.

148 3394 183 3435 12.
202 3385 275 3435 Num.
294 3382 350 3432 S'ils
369 3393 490 3449 engagent
503 3400 556 3433 aus-

109 3452 171 3506 siwt
189 3450 304 3510 l'action,
326 3448 385 3499 c’est
405 3465 453 3516 que
471 3449 555 3500 Civilis

607 2598 732 2650 lui-meme
750 2600 809 2650 e'tait
825 2617 867 2650 sur
885 2601 921 2650 les
940 2601 1008 2652 lieux
1025 2611 1048 2652 et

608 2665 689 2715 offrait
701 2667 724 2715 la
736 2666 846 2717 bataille.

641 2740 677 2782 13.
701 2733 811 2782 Immone
842 2740 980 2796 quantum,
1013 2742 1049 2782 est

607 2813 657 2846 une
669 2797 778 2847 locution
791 2797 931 2847 adverbiale
950 2809 974 2848 et
992 2801 1048 2848 s'en-

606 2863 693 2977 eliqua
704 2879 798 2913 comme
809 2866 904 2912 mirum
916 2873 1045 2928 quactum.

629 2944 686 2993 ,μ
704 2928 736 2977 de
749 2930 831 2988 Tac.§
850 2937 902 2987 105,
921 2939 945 2978 et
963 2930 1044 2980 Gantr.

606 3000 618 3052 ἕ
640 3001 694 3050 154,
714 3010 774 3043 rem.
792 3003 814 3044 3.
832 2994 981 3044 Traduisez:
1000 3011 1047 3045 une

606 3068 702 3108 torreur
713 3058 839 3109 immense.

615 3139 617 3144 ·
641 3132 694 3173 15.
729 3133 749 3175 l.
780 3127 974 3188 Impedimcuto,
1012 3127 1046 3176 les

607 3188 751 3256 equipagos.

639 3263 661 3306 2.
684 3257 792 3314 imbelli,
825 3255 950 3321 impropre
979 3259 993 3305 a
1024 3258 1045 3305 la

605 3337 703 3386 guerre.
722 3323 742 3371 ll
758 3320 828 3387 s'agit
844 3322 887 3371 des
899 3323 976 3372 valets
987 3322 1046 3371 d'ar-

605 3390 668 3445 mee,
682 3388 725 3436 des
738 3387 887 3447 vivandiers‚
902 3388 933 3437 dc
955 3389 1045 3438 soldats

605 3468 654 3518 peu
666 3452 787 3518 aguerris.
