2346 3922
348 229 439 272 nmen
459 230 480 275 1.
506 231 572 273 cnr.
597 213 729 274 51—53.
968 218 1008 279 55

70 360 194 435 temque
206 359 347 420 faventes
358 362 521 432 vocabant,
535 363 614 438 quod
626 363 692 421 sine
702 363 802 433 modo,
816 364 882 423 sine
889 366 1008 441 judicio

72 458 202 517 donaret
221 476 291 529 sua,
311 460 480 536 largiretur
498 461 615 531 aliena;
633 461 724 520 simul
739 463 939 523 aviditatem⁹
954 467 1008 524 im-

71 558 218 632 perandi,
246 560 314 634 ipsa
338 560 417 617 vitia
441 577 496 635 pro
517 562 685 619 virtutibus
711 562 1007 637 interpretabantur.

73 656 166 714 Multi
178 657 211 714 in
226 660 357 732 utroque
371 659 508 717 exercitu
521 659 600 717 sieut
610 660 740 717 modesti
751 661 919 737 quietique,
934 664 978 720 ita
988 665 1009 700 ¹⁰

72 755 145 812 mali
171 757 203 812 et
228 756 388 818 strenui11.
418 757 477 816 Sed
502 756 658 832 profusa¹²
679 758 823 833 cupidine
843 764 874 818 et
894 761 1009 835 insigni

74 854 248 911 temeritate
266 854 363 928 legati
381 854 537 928 legionum
555 853 683 913 Alienus
703 857 823 914 Caecina
843 860 874 914 et
894 859 1009 917 Fabius

75 951 235 1021 Valens1³;
254 953 396 1026 equibus
406 952 520 1011 Valens
535 952 673 1010 infensus
689 952 804 1023 Galbae,
823 958 980 1030 tamquam
988 959 1010 993 ¹⁴

73 1049 224 1107 detectam
239 1067 258 1107 a
273 1067 305 1107 se
319 1051 460 1124 Verginii
470 1052 492 1087 ¹⁵
508 1051 744 1120 cunctationem,
762 1068 907 1126 oppressa
922 1055 1009 1128 Capi-

72 1148 189 1206 tonis¹⁰
212 1147 342 1205 consilia
363 1148 483 1222 ingrate
502 1148 639 1217 tulisset,
663 1149 814 1222 instigare
833 1151 1008 1221 Vitellium,

72 1245 214 1302 ardorem
238 1244 372 1303 militum
397 1248 579 1304 ostentans:
604 1247 704 1320 ipsum
713 1247 736 1283 ¹⁷
761 1246 874 1305 celebri
899 1249 1011 1325 ubique

71 1343 168 1411 fama,
197 1342 313 1399 nullam
328 1343 360 1399 in
376 1343 485 1401 Flacco
511 1343 687 1401 Hordeonio
697 1344 720 1379 ¹⁸
745 1362 877 1415 moram;
907 1347 1011 1405 adfore

73 1444 286 1512 Britanniam,
304 1447 446 1502 secutura
461 1447 683 1504 Germanorum
698 1445 831 1514 auxilia;
846 1446 925 1504 male
936 1425 1013 1506 fidas

71 1543 265 1618 provincias;
287 1544 460 1618 precarium
482 1544 547 1601 seni
567 1543 731 1617 imperium
753 1546 784 1600 et
808 1543 895 1601 brevi
913 1546 1012 1603 trans·

73 1642 212 1698 iturum:
234 1640 383 1716 panderet
414 1641 504 1698 modo
526 1641 627 1698 sinum
638 1640 660 1675 ¹⁹
675 1643 707 1696 et
727 1639 864 1698 venienti
883 1640 1014 1700 fortunae

74 1739 259 1799 occurreret.
284 1737 398 1797 Merito
413 1737 570 1795 dubitasse
580 1735 764 1808 Verginium
779 1739 913 1811 equestri
929 1736 1013 1794 fami-

72 1835 132 1903 lia,
156 1835 262 1910 ignoto
283 1837 386 1909 patre,
410 1834 573 1908 imparem,
597 1835 623 1892 si
644 1837 811 1910 recepisset
832 1837 1009 1911 imperium,

74 1936 191 2004 tutum,
214 1936 241 1993 si
261 1940 452 1994 recusasset:
469 1935 597 1995 Vitellio
615 1939 680 1994 tres
700 1939 799 2012 patris
820 1939 1010 2010 consulatus,

74 2047 248 2101 censuram,
264 2031 428 2109 collegium
437 2033 462 2069 ²⁰
474 2033 604 2090 Caesaris
616 2035 647 2090 et
658 2034 813 2109 imponere
818 2033 884 2108 jam
896 2036 1014 2109 pridem

73 2129 274 2204 imperatoris
286 2130 496 2204 dignationem
508 2133 538 2187 et
547 2129 668 2188 auferre
679 2132 794 2206 privati
807 2134 1011 2194 securitatem.

74 2230 280 2295 Quatiebatur
292 2230 340 2288 his
352 2247 445 2306 segne
456 2230 625 2304 ingenium,
639 2233 673 2288 ut
682 2232 911 2307 concupisceret
918 2234 1015 2306 magis

73 2344 164 2401 quam
180 2330 215 2386 ut
229 2330 377 2402 speraret.

115 2438 167 2498 53.
192 2438 234 2496 At
260 2438 292 2496 in
318 2438 474 2513 superiore
494 2438 659 2497 Germania
678 2439 798 2496 Caecina
819 2439 946 2497 decorus
961 2439 1010 2514 ju-

107 2594 131 2636 9.
151 2587 202 2636 Son
222 2586 289 2636 desir
305 2586 339 2635 du
358 2586 461 2651 pouvoir
480 2603 520 2636 su·
571 2586 689 2651 (lapiton,
709 2586 753 2652 qui
773 2586 842 2635 alluit
862 2603 888 2635 se
911 2587 1015 2636 revolter

74 2657 174 2717 preme,
189 2669 227 2702 ses
239 2651 303 2702 vices
315 2655 419 2710 memes,
439 2652 469 2700 ils
485 2653 521 2701 les
571 2651 632 2700 dans
644 2652 668 2700 la
679 2651 809 2702 Germanic
828 2651 969 2702 infc'rieure.
983 2654 1010 2702 V.

75 2717 191 2767 laisaient
203 2733 287 2782 passer
298 2734 362 2782 pour
373 2717 416 2766 dcs
429 2727 520 2767 vertus.
571 2716 610 2766 ch.
621 2724 643 2767 7.

112 2792 146 2833 10.
156 2784 310 2840 Sicut—ito,
322 2799 343 2831 v.
353 2783 460 2847 gr.deT.
471 2790 519 2832 105.
605 2790 640 2830 17.
659 2782 744 2844 ipsura
755 2805 788 2823 =
802 2782 935 2831 Vitelliam.

112 2857 147 2899 11.
167 2849 282 2906 strenui,
296 2857 492 2911 entreprenants.
606 2855 640 2898 18.
661 2850 820 2898 (louverneur
832 2847 863 2895 de
881 2848 906 2895 la
917 2848 1014 2897 Germa-

113 2923 148 2964 12.
180 2915 318 2978 Professus,
351 2913 519 2972 desordonue,
571 2912 776 2978 niesupe'rieure.
826 2941 829 2945 ·

76 2979 179 3029 effrene'.
605 2986 640 3028 19.
666 2979 756 3028 Sinum
779 2977 856 3027 sedit
876 2977 919 3026 des
939 2977 1015 3027 voiles

113 3054 149 3095 13.
171 3047 267 3102 Valens,
279 3044 340 3092 dans
356 3044 380 3092 la
392 3042 521 3093 Germanic
571 3043 711 3109 deployees.
725 3044 840 3093 Pandere
851 3045 942 3106 sinam,
954 3043 1015 3092 dans

77 3110 224 3168 inierieure,
239 3109 342 3168 Caecina,
356 3107 453 3157 dansla
465 3108 522 3156 Ger·
570 3109 594 3157 le
614 3126 670 3158 sens
689 3108 780 3173 ligurc',
802 3117 861 3173 pout
881 3124 907 3156 se
927 3108 1015 3157 rendre

76 3175 160 3224 menie
171 3174 322 3239 supericnre.
571 3190 615 3238 par
627 3176 712 3223 rendre
723 3176 757 3222 tce
766 3174 824 3223 bras
837 3173 883 3225 ὰ...

113 3249 149 3291 14.
170 3242 318 3304 Tamquam,
341 3254 414 3303 parce
431 3240 522 3304 que,d
604 3246 639 3289 20.
660 3240 693 3288 Le
706 3242 764 3302 pere
780 3238 811 3287 de
822 3236 935 3287 Vitellius
953 3238 1016 3286 avait

77 3323 123 3354 sen
138 3305 229 3363 avia...
243 3304 282 3356 ef.
295 3304 335 3354 ch.
350 3311 385 3365 16,
399 3313 456 3354 note
469 3312 503 3353 14.
571 3305 611 3352 eie
637 3305 660 3352 le
683 3305 795 3368 collegae
818 3303 849 3352 de
870 3302 1016 3367 l'empcreur

112 3379 147 3420 15.
167 3372 195 3421 V.
209 3369 248 3420 eh.
262 3377 284 3418 8.
570 3369 664 3418 Claude
680 3368 741 3418 dans
753 3369 819 3417 deux
835 3370 959 3417 consulats
980 3384 1016 3418 or-

113 3444 149 3487 16.
167 3436 257 3485 Valens
268 3434 331 3484 avait
346 3437 388 3484 tue
406 3433 522 3498 Fonteius
571 3434 679 3483 dinaires
692 3443 716 3483 ei
728 3434 789 3484 dans
801 3436 825 3482 la
836 3449 948 3482 censure.
