2346 3922
371 229 462 274 amaa
483 231 526 276 w.
551 232 617 275 cnr.
642 217 775 277 70—71.
990 215 1052 276 329
1123 252 1126 256 <

114 358 269 435 fususque.
298 363 343 421 Ea
356 361 441 420 clade
456 363 588 438 perculsi
603 363 746 431 Treveri,
765 365 795 421 et
813 363 917 439 plebes
932 364 1052 422 omissis

114 458 209 516 armis
224 476 279 534 per
293 475 383 534 agros
398 460 538 534 palatur;
555 461 679 535 quidam
693 462 881 537 principum,
900 463 935 519 ut
960 461 1052 536 primi

114 558 253 632 posuisse
272 557 416 616 bellum¹⁴
438 559 628 629 viderentur,
652 560 685 616 in
707 561 849 618 civitates
871 577 938 635 quae
959 560 1052 618 socie-

114 660 212 715 tatem
226 659 396 717 Romanam
418 677 477 717 nou
493 662 643 719 exuerant
664 655 835 736 perfugere.
864 662 1014 737 Legiones
1034 678 1054 718 a

115 754 259 813 Novaesio
278 755 445 832 Bonnaque
464 757 496 814 in
512 759 677 827 Treveros,
705 761 740 816 ut
761 775 854 835 supra
872 758 1052 816 memoravi-

115 870 200 922 mus,
227 854 376 911 traductae
396 871 428 912 se
448 856 521 930 ipsae
542 856 574 912 iu
594 856 690 914 verba
703 855 886 930 Vespasiani
912 855 1051 930 adigunt.
1144 896 1146 906 ·

116 951 190 1008 Haeo
205 940 370 1009 Valentino
385 953 511 1011 absente
526 956 629 1029 gesta;
658 953 710 1029 qui
733 953 785 1011 ubi
800 952 987 1012 adventabat
1008 952 1053 1010 fu·

115 1065 187 1106 rens
202 1051 371 1123 cunctaque
392 1067 499 1109 rursus
520 1052 551 1108 in
573 1052 682 1110 turbas
702 1054 733 1108 et
748 1053 877 1109 exitium
892 1068 1053 1108 conversu-

116 1162 184 1213 rus,
211 1145 348 1220 legiones
370 1147 401 1205 in
423 1148 715 1216 Mediomatricosffi,
740 1149 854 1206 seciam
876 1148 1051 1216 civitatem,

116 1242 301 1302 abscessere.
339 1243 524 1303 Valentinus
552 1262 589 1302 ao
613 1246 712 1303 Tutor
736 1245 768 1301 iu
794 1262 880 1302 arma
905 1246 1054 1302 Treveros

115 1342 293 1411 retrahunt,
323 1344 434 1402 occisis
449 1345 605 1402 Herennio
624 1361 660 1401 ac
679 1343 820 1401 Numisio
841 1342 968 1418 legatis,
996 1360 1054 1418 quo

117 1439 236 1498 minore
250 1457 303 1515 spe
318 1441 416 1499 veniae
431 1443 581 1500 cresceret
596 1440 754 1498 vinculum
769 1441 903 1501 sceleris.

159 1564 210 1623 71.
234 1565 294 1622 Hic
321 1563 395 1622 belli
424 1567 522 1623 status
551 1566 633 1631 erat,
668 1581 737 1621 cum
765 1563 898 1622 Petilius
926 1561 1056 1622 Cerialis
1127 1563 1129 1568 ’

118 1661 347 1735 Mogontiacum
362 1662 458 1721 veuit.
488 1660 562 1736 Ejus
587 1661 722 1719 adventu
748 1663 857 1718 erectae
878 1677 962 1736 spes3
990 1661 1056 1734 ipsa

118 1776 229 1834 pugnae
244 1761 352 1819 avidus
367 1763 399 1818 at
413 1760 641 1819 contemnendis
654 1776 744 1834 quam
759 1758 903 1817 cavendis
918 1758 1056 1816 hostibus

119 1857 237 1925 melior,
269 1857 384 1915 ferocia
411 1858 576 1915 verborum
608 1857 740 1914 militam
768 1855 967 1924 incendebat,
1004 1855 1056 1912 ubi

120 1956 252 2031 primum
281 1956 425 2032 congredi
454 1956 610 2025 licuisset,
652 1955 767 2012 nullam
797 1954 906 2028 proelio
941 1971 1057 2011 meram

88 2053 268 2132 'facturus
299 2054 454 2112 Dilectus¹
476 2070 532 2127 per
560 2052 693 2110 Galliam
714 2051 836 2109 habitos
861 2052 893 2108 in
915 2051 1058 2109 civitates

112 2152 253 2219 remittit
273 2169 310 2209 ae
331 2151 473 2209 nuntiare
492 2150 581 2226 jubet
603 2150 740 2210 sufficere
755 2150 884 2226 imperio
902 2149 1055 2224 legiones;

120 2250 195 2308 socii
216 2250 254 2308 ad
273 2250 378 2308 munia
403 2250 487 2325 pacis
509 2251 661 2319 redirent,
687 2249 786 2307 securi
811 2249 896 2306 velut
922 2247 1058 2306 coniecto

119 2348 198 2407 bello
220 2350 299 2424 quod
321 2350 466 2407 Romanae
480 2365 589 2407 manus
618 2349 820 2425 excepissent.
847 2347 945 2406 Auxit
960 2364 996 2404 ea
1010 2363 1059 2404 res

121 2448 279 2507 Gallorum
293 2449 470 2523 obsequium
484 2471 491 2518 ;
517 2465 588 2505 nam
602 2450 727 2522 recepta
740 2445 905 2521 juventute
919 2446 1060 2504 facilius²

119 2546 239 2603 tributa
263 2545 450 2614 toleravere,
475 2546 635 2619 proniores
661 2545 699 2602 ad
725 2543 823 2601 officia
838 2544 917 2618 quod
938 2560 1058 2617 sperne-

120 2643 262 2701 bantur³.
290 2643 332 2701 At
346 2642 456 2702 Civilis
477 2646 508 2700 et
523 2642 676 2700 Classicus
692 2640 743 2697 ubi
760 2640 880 2716 pulsum
895 2642 1057 2708 Tutorem,

122 2758 215 2799 caesos
240 2743 407 2810 Treveros,
435 2743 547 2798 cuncta
567 2739 707 2798 hostibus
728 2755 875 2814 prospera
900 2754 1057 2813 accepere,

121 2839 235 2915 trepidi
257 2856 292 2897 ac
306 2841 524 2914 properantes,
542 2838 613 2896 dum
634 2838 788 2912 dispersas
814 2853 937 2894 suorum
958 2835 1061 2910 copias

121 2937 309 3006 conducunt,
337 2936 454 2995 crebris
480 2936 606 2994 interim
631 2934 749 2991 nuntiis
774 2932 974 2992 Valentinum
1002 2949 1061 2989 mo·

104 3136 108 3142 ,
157 3089 192 3129 ll.
212 3081 309 3130 Bellum
329 3082 448 3143 posuisse.
471 3080 508 3130 On
532 3078 569 3127 dit
618 3075 733 3135 abstrait,
748 3077 860 3141 employa
869 3091 963 3124 comme
975 3091 994 3123 s.
1006 3089 1062 3123 con·

122 3161 247 3211 proprem.
263 3162 338 3194 arma
348 3161 448 3208 ponere.
619 3152 687 3192 cretz
702 3142 812 3191 hommes
821 3142 885 3190 leves
898 3157 928 3189 en
941 3141 969 3190 G.

159 3220 194 3261 15.
214 3212 418 3261 Mediomatricos.
432 3209 570 3260 llsaraieut
651 3216 673 3257 2.
693 3209 817 3264 Facilius,
837 3207 868 3255 de
885 3205 1012 3255 meilleure
1024 3221 1063 3255 ro-

123 3293 188 3342 pour
199 3277 317 3326 chel-lieu
334 3276 498 3332 Divodurum,
517 3273 567 3337 auj.
619 3274 700 3330 lonta',
714 3274 770 3338 plus
783 3271 941 3322 docilcment.

124 3345 201 3400 ltletz,
215 3359 257 3391 sur
268 3343 291 3390 la
301 3342 402 3391 Mosella
416 3339 568 3405 superieure.
651 3346 674 3387 3.
693 3339 892 3401 Spcroebautur,
907 3335 990 3399 suiet:
1010 3335 1064 3400 offi-

161 3416 214 3456 Μ.
233 3416 253 3456 l.
268 3409 376 3456 Dilectus
392 3407 451 3471 (non
470 3421 514 3470 pas
532 3408 571 3454 dc·
620 3407 679 3453 cia:
699 3405 766 3453 leurs
786 3403 891 3454 services
911 3401 1003 3452 etaient
1023 3401 1064 3450 da-

124 3474 218 3538 tectas),
229 3475 309 3522 leva'es
323 3473 354 3521 de
367 3481 475 3537 troupes,
490 3470 568 3521 subst.
620 3469 731 3534 daignes.
