2346 3922
171 177 232 240 204

172 346 226 386 nos
244 329 281 387 ad
303 331 518 390 exstruendum
539 331 800 407 amphitheatrum
821 329 963 398 relictos
988 327 1025 397 ut
1039 327 1111 385 sunt

171 429 311 501 procacia
325 429 459 488 ‘urbanae
479 432 577 506 plebis
599 431 740 505 ingenia,
764 427 976 504 petulantibus
993 425 1111 502 jurgiis

171 525 341 586 illuserant.
365 529 462 588 Auxit
483 532 632 590 invidiam
653 531 768 589 editum
786 529 850 587 illic
868 547 887 586 a
901 527 1026 587 Caecina
1048 526 1109 602 gla-

170 625 322 684 diatorum
343 631 564 704 spectaculum,
589 631 752 705 eademque
776 644 883 687 rursus
907 627 982 685 belli
1003 627 1108 697 sedes,

170 727 200 782 et
236 726 358 800 praebiti
386 728 418 785 in
446 728 512 786 acie
540 728 717 788 Vitellianis
745 728 824 795 cibi,
855 741 939 783 caesae
969 723 1110 799 quaedam

170 821 289 880 feminae
305 825 405 882 studio
420 825 554 901 partium
569 826 606 883 ad
627 825 770 901 proelium
785 841 968 901 progressam
986 825 1110 899 tempus

170 938 288 996 quoque
303 926 454 981 mercatus
466 923 560 981 ditem
574 924 708 997 alioqui³
723 923 873 981 coloniam
884 919 999 996 majore
1016 937 1109 996 opum

170 1021 269 1093 specie
284 1021 463 1096 complebat.
495 1021 595 1080 Ceteri
612 1020 702 1079 duces
723 1021 755 1077 in
777 1021 919 1089 obscuro;
936 1019 1110 1078 Antonium

169 1117 292 1177 fortuna
316 1119 456 1195 famaque
477 1121 611 1177 omnium
632 1119 728 1177 oculis
753 1118 945 1195 exposuerat.
974 1117 1004 1174 Is
1032 1115 1108 1174 bali-

171 1220 260 1276 neas4
289 1220 457 1277 abluendo⁵
486 1219 587 1277 cruori
612 1235 741 1294 propera
765 1218 855 1294 petit.
886 1216 1025 1291 Excepta
1047 1232 1110 1271 vox

139 1366 141 1371 .
170 1317 245 1384 estss,
264 1334 331 1374 cum
346 1319 482 1394 teporem
498 1319 666 1387 incusaret,
691 1317 796 1376 statim
811 1316 948 1374 futurum
966 1315 1001 1371 ut
1025 1314 1108 1371 inca-

170 1415 355 1474 lescerent⁷:
372 1416 491 1474 vernile
515 1415 649 1474 dictum⁸
672 1433 790 1473 omnem
812 1413 961 1471 invidiam
982 1411 1015 1468 in
1038 1427 1108 1468 eum

168 1513 279 1583 vertit,
308 1516 463 1589 tamquam
497 1515 618 1589 signum
644 1515 839 1573 incendendae
875 1513 1032 1570 Cremonae
1058 1510 1107 1567 de·

169 1610 279 1680 disset,
298 1612 441 1688 quaejam
455 1613 617 1688 flagrabat.

210 1715 259 1772 33.
285 1715 494 1790 Quadraginta
512 1715 700 1774 armatorum
724 1711 823 1771 millia
847 1712 999 1787 irrupere,
1026 1708 1106 1767 calo·

97 1863 103 1873 .
170 1829 241 1868 num
260 1810 452 1887 lixarumque
467 1813 597 1888 amplior
611 1829 755 1870 numerus
770 1812 801 1869 et
822 1811 872 1868 inl
894 1809 1056 1869 libidinem
1071 1826 1110 1866 ac

169 1911 320 1968 saevitiam
340 1911 522 1987 corruptior.
549 1910 619 1969 Non
645 1910 794 1984 dignitas,
823 1925 882 1964 non
908 1908 982 1965 aetas
1002 1908 1106 1982 prote·

169 2008 260 2082 gebat
275 2025 333 2082 quo
348 2009 449 2068 minus
468 2011 575 2083 stupra
588 2007 734 2077 caedibus,
759 2009 854 2066 caedes
869 2008 984 2084 stupris
997 2008 1106 2066 misce·

167 2111 286 2164 rentur.
304 2106 489 2164 Grandaevos
504 2123 605 2175 senes,
624 2107 732 2163 exacta
746 2107 837 2164 aetate
848 2105 988 2174 feminas,
1006 2105 1108 2163 viles²

167 2203 205 2260 ad
220 2202 367 2278 praedam,
392 2202 424 2259 in
439 2203 605 2261 ludibrium
619 2202 797 2272 trahebant;
821 2203 873 2261 ubi
894 2203 999 2261 adulta
1013 2203 1107 2278 virgo

168 2305 221 2359 aut
236 2302 304 2375 quis
324 2301 422 2359 forma
441 2300 619 2376 conspicuus
641 2301 827 2371 incidissetss,
850 2302 883 2358 vi
903 2303 1106 2378 manibusque

168 2401 354 2476 rapientium
389 2400 527 2459 divulsus
562 2400 643 2475 ipsos
679 2401 831 2476 postremo
867 2398 1039 2474 direptores
1072 2399 1105 2455 in

168 2503 304 2556 mutuam
315 2499 482 2573 pernicicm
497 2498 618 2572 agebat.
645 2498 725 2555 Dum
749 2496 909 2573 pecuniam
924 2495 974 2553 vel
993 2496 1106 2570 gravia

167 2613 242 2655 auro
266 2597 449 2672 templorum
474 2597 553 2654 dona
578 2596 637 2656 sibi
663 2597 791 2672 quisque
815 2594 958 2662 trahunt,
986 2592 1105 2668 majore

396 196 540 241 CORNELII
560 196 662 242 rhem
680 193 896 242 msroamanu

201 2749 222 2789 3.
248 2738 347 2802 Alioqui
365 2739 523 2804 (d'aillenrs),
543 2738 610 2789 riche
692 2747 714 2789 8.
737 2740 951 2796 Veruiledictum,
966 2753 994 2786 ce
1011 2753 1105 2802 propos

168 2821 212 2870 par
224 2805 370 2854 olle-memo.
384 2807 412 2854 V.
424 2805 460 2862 ΙΙ,
471 2813 507 2864 27,
519 2815 576 2854 note
585 2812 607 2863 5,
658 2804 718 2852 d'un
730 2806 837 2862 esclave,
860 2813 884 2853 et
904 2819 954 2852 non
975 2819 1020 2868 pas
1039 2813 1105 2853 cette

168 2876 198 2920 ob
213 2887 241 2919 cc
253 2879 303 2918 mot
315 2886 329 2918 a
341 2886 375 2918 un
388 2879 457 2918 autre
470 2886 534 2919 sons.

199 2944 222 2985 4.
242 2937 370 2993 Baliares,
385 2934 609 2983 e'tablissemcntdc

166 3000 250 3059 baius,
267 3017 289 3049 v.
304 3017 340 3066 gr.
354 3001 385 3048 de
397 3001 466 3058 Tac,
479 3007 490 3059 ᾖ
504 3009 524 3048 l.

200 3074 221 3114 5.
242 3065 382 3122 Abluendm
402 3065 466 3114 datii
480 3073 610 3130 marquant

168 3133 191 3181 le
204 3132 261 3187 but,
275 3148 297 3180 v.
310 3148 346 3196 gr.
359 3131 391 3178 de
402 3131 441 3187 Τ.,
457 3137 517 3189 568.

199 3204 220 3245 6.
240 3197 351 3258 decepto
362 3212 410 3244 oon
421 3203 468 3253 est,
482 3211 514 3244 on
526 3204 609 3243 enten-

167 3261 263 3310 ditdire
273 3278 352 3325 quo...
364 3260 411 3321 Qui
423 3261 460 3308 dit
469 3261 537 3310 cela?
547 3261 609 3309 Sans

167 3328 242 3375 doute
263 3343 296 3374 un
318 3327 362 3374 des
380 3326 524 3384 servheurs,
549 3325 609 3373 mais

167 3394 304 3440 nnllement
315 3391 432 3441 Antoinc.

200 3466 221 3506 7.
240 3457 417 3507 incalescerent
431 3473 465 3507 sc.
479 3457 590 3506 balinea.

659 2869 817 2934 plaisanterie
829 2883 967 2918 commune.

694 2942 747 2993 88,
767 2943 788 2983 1.
807 2935 836 2982 ln
848 2949 905 2982 avec
917 2932 985 2982 l'acc.
997 2949 1104 2999 marque

659 2999 682 3048 le
695 2999 741 3049 but
759 3016 790 3048 ou
807 3001 830 3049 le
842 2999 954 3049 resultat.
976 3000 1005 3047 V.
1019 3016 1057 3066 gr.
1071 2999 1104 3048 de

659 3065 727 3122 Tac,
745 3070 819 3123 5148.

692 3137 713 3178 2.
737 3130 812 3187 Viles,
827 3128 989 3177 sansralcur.

692 3203 714 3244 3.
733 3195 869 3245 incidisset.
890 3194 936 3243 Les
954 3203 1057 3244 auteurs
1072 3195 1104 3243 de

658 3259 770 3323 l'cmpirc
788 3258 922 3324 emploicnt
941 3260 985 3308 ubi
1002 3275 1062 3308 avec
1079 3261 1104 3309 le

658 3323 943 3389 subjpourmarquorla
952 3325 1100 3389 repetition:

658 3390 754 3454 chaque
766 3389 812 3438 tois
822 3406 879 3454 qne.
888 3390 916 3440 V.
925 3391 1101 3450 Ganu·.‚§l57,

659 3456 681 3515 l,
696 3463 722 3514 2,
739 3471 797 3506 rem.
812 3462 834 3505 6.
