2346 3922
386 271 476 314 amsa
496 271 531 314 11.
555 271 621 316 car.
646 255 778 316 95-97.
995 257 1051 317 171

113 404 249 480 legionis
269 422 337 464 cam
359 401 681 473 seditionem,'ceteris
703 405 889 464 exercitibus
914 407 1055 464 constare

113 503 217 562 fidem.
242 505 278 563 ln
300 505 381 562 hunc
408 503 529 561 modum
551 503 644 584 etiam
665 503 811 561 Vitellius
835 505 915 578 apud
940 504 1055 562 milites

114 602 279 671 disseruit,
296 601 497 677 praetorianos
513 618 609 676 nuper
624 604 856 660 exauctoratos²
872 602 1053 672 insectatus,

81 769 85 774 Ι
114 716 134 755 a
156 699 268 772 quibus
288 699 381 756 falsos
406 715 544 756 rumores
569 697 720 773 dispergi,
751 716 806 756 nec
831 699 926 757 ullum
953 700 1054 758 civilis

114 797 190 854 belli
201 799 315 854 metum
326 795 534 864 asseverabat,
547 812 708 870 suppresso
721 796 903 870 Vespasiani
920 798 1053 865 nomine,

110 897 147 952 et
176 895 265 970 vagis
294 912 350 970 per
377 894 482 952 urbem
513 892 740 967 militibusqui
769 911 923 952 sermones
952 893 1056 970 populi

115 996 303 1052 coercerent.
327 993 361 1052 Id
382 993 568 1068 praecipuum
587 992 766 1050 alimentum
787 993 875 1050 famae
895 996 972 1051 erat.

156 1096 208 1154 97.
233 1095 360 1154 Auxilia
386 1097 488 1154 tamen
518 1113 534 1153 e
564 1081 747 1154 Germania¹
774 1097 996 1171 Britanniaque
1025 1097 1056 1154 et

117 1193 279 1268 Hispaniis
304 1192 436 1262 excivit,
461 1193 598 1267 segniter
623 1195 653 1250 et
678 1193 891 1252 necessitatem
917 1194 1056 1252 dissimu-

116 1292 195 1351 lans.
215 1291 348 1350 Perinde
363 1291 458 1365 legati
480 1291 706 1366 provinciaeque
722 1293 955 1362 cunctabantur,
980 1295 1057 1351 Hor-

118 1390 246 1448 deonius
261 1390 410 1448 Flaccus²
425 1389 575 1464 suspectis
585 1389 650 1464 jam
666 1391 794 1448 Batavis
809 1391 918 1448 anxius
934 1391 1058 1465 proprio

116 1487 212 1557 bello,
229 1488 353 1547 Vettius
368 1487 522 1546 Bolanus³
541 1504 705 1562 numquam
721 1488 798 1545 satis
809 1488 913 1562 quieta
934 1489 1056 1546 Britan·

117 1587 185 1655 nia,
203 1587 236 1643 et
254 1589 386 1660 uterque
400 1585 548 1659 ambigui.
576 1585 684 1660 Neque
710 1604 748 1643 ex
768 1586 928 1661 Hispaniis
950 1603 1056 1660 prope-

117 1685 255 1752 rabatur,
283 1683 366 1742 nullo
391 1686 457 1741 tum
483 1683 526 1741 ibi
552 1683 743 1753 consulari⁴3
767 1685 862 1742 trium
884 1685 1056 1758 legionum⁵

117 1781 228 1856 legati,
246 1797 335 1855 pares
345 1780 417 1856 jure
432 1783 463 1839 et
478 1782 632 1856 prosperis
648 1781 768 1839 Vitellii
784 1782 874 1839 rebus
889 1782 1057 1839 certaturi⁶

116 1879 171 1936 ad⁷
201 1878 395 1953 obsequium,
431 1879 592 1937 adversam
621 1878 686 1954 ejus
714 1880 868 1938 fortunam
904 1897 942 1936 ex
971 1897 1056 1953 scquo

118 1976 340 2034 detrectabant.
369 1977 404 2034 In
429 1975 535 2034 Atrica
563 1975 643 2051 legio
669 1978 868 2051 cohortesque
894 1977 1058 2035 delcctaea

118 2071 220 2130 Clodio
247 2073 369 2140 Macro,
398 2089 468 2130 mox
496 2090 515 2130 a
540 2073 638 2132 Galba
666 2074 813 2142 dimissae,
841 2091 947 2132 rursus
967 2072 1056 2148 jussu

118 2169 238 2229 Vitellii
253 2170 396 2229 militiam
418 2188 540 2246 cepere;
564 2172 655 2230 simul
677 2175 779 2231 cetera
794 2172 943 2248 juventus
965 2174 1057 2239 dabat

119 2269 249 2344 impigre
271 2270 405 2328 nomina.
423 2270 541 2346 Quippe
557 2271 712 2347 integrum
727 2272 791 2330 illic
805 2290 841 2330 ac
855 2272 1056 2330 favorabilem

117 2369 365 2442 proconsulatum
387 2368 547 2437 vitellius,
566 2370 714 2428 famosum
732 2371 923 2444 invisumque
943 2372 1055 2444 Vespa-

118 2467 222 2524 sianus
251 2468 371 2542 egerat;
407 2466 534 2540 proinde
566 2467 641 2524 socii
672 2467 708 2524 de
738 2467 866 2541 imperio
897 2468 1057 2542 utriusque

118 2564 347 2641 conjectabant,
365 2563 416 2621 sed
432 2563 673 2639 experimentum
688 2567 796 2622 contra
810 2563 879 2625 fuit.

115 2744 121 2758 .
149 2715 172 2755 2.
191 2707 377 2763 Ecoactcrare,
403 2716 561 2770 proprement
644 2715 667 2754 4.
687 2707 828 2756 Cocceiani.
854 2706 954 2756 Clusius
978 2707 1057 2757 liuius
1116 2709 1118 2713 '

118 2771 196 2821 delier
212 2770 246 2820 du
264 2781 372 2820 serment
386 2770 514 2827 militaire,
534 2770 561 2820 li·
612 2772 675 2820 erait
691 2775 808 2821 conserve
824 2773 847 2821 le
866 2782 1058 2838 gouvernemcnt

117 2836 223 2886 cencier.
251 2837 447 2886 L'ecauctoratio
464 2836 524 2885 dont
542 2836 560 2884 il
612 2837 643 2886 de
653 2837 795 2902 l'Espagne,
807 2837 867 2886 mais
876 2837 960 2886 iletait
970 2847 1056 2886 retcnu

119 2902 187 2967 s'agit
200 2901 231 2951 ici
244 2911 280 2951 est
292 2917 341 2950 une
351 2904 433 2950 missio
444 2903 558 2959 donresto,
611 2905 625 2951 t
636 2903 721 2953 Rome.
735 2903 763 2951 V.
777 2902 816 2952 ch.
831 2903 868 2952 65.

118 2984 212 3019 comme
224 2967 242 3016 il
254 2976 291 3015 cst
303 2966 340 3015 dir
350 2982 381 3043 au
394 2966 434 3016 ch.
448 2974 496 3046 {372
644 2991 666 3032 5.
686 2985 732 3033 Les
756 2984 815 3034 trois
835 2983 931 3049 legions
948 2985 979 3034 dc
996 2986 1056 3035 l'Es-

149 3039 205 3081 Μ.
220 3041 240 3081 l.
254 3033 398 3081 Germania.
409 3033 429 3080 ll
438 3049 449 3079 s
459 3041 508 3096 agit
517 3031 561 3079 des
612 3065 701 3114 pagno,

118 3097 561 3213 5⁰ufiffivm⁰e⁸⁸urlarivellmhe
644 3139 666 3180 6.
687 3133 828 3189 certaturi,
844 3131 887 3196 qui
902 3131 1014 3181 auraiont
1027 3133 1057 3181 ri-

137 3182 151 3213 u
234 3200 240 3211 .

151 3238 173 3278 2¹
205 3229 225 3278 ῃ
249 3227 313 3277 Μὴ
336 3231 374 3279 θ’ῑῤ
402 3227 491 3294 charge
518 3244 563 3293 par
612 3197 695 3246 salise.
717 3198 745 3244 V.
768 3212 832 3261 pour
849 3198 872 3246 lc
891 3214 947 3246 sens
973 3198 1057 3246 condi-

118 3293 231 3344 mentis
251 3293 283 3342 de
304 3295 327 3343 ia
343 3295 418 3359 garae
430 3293 462 3342 ne
477 3294 500 3342 ia
512 3293 562 3342 rive
612 3263 705 3311 ‘³⁰¹¹¹¹⁰¹
724 3262 755 3311 ‘¹⁰
774 3278 802 3311 ⁰⁶
819 3262 952 3328 radeire,
974 3280 1010 3328 cr·
1025 3264 1056 3312 de

119 3360 213 3426 ganeae
225 3359 258 3407 nu
272 3359 345 3408 narn.
363 3361 390 3409 v.
404 3359 444 3409 en.
458 3366 494 3407 57.
612 3329 720 3378 Tre-⁵⁶·
919 3417 920 3420 Ἴ
964 3411 969 3421 Ι
1039 3412 1045 3421 θ

152 3434 173 3476 3.
197 3426 288 3475 Vettius
300 3427 409 3475 Bolanus
425 3424 488 3473 avait
504 3441 562 3481 roqu
645 3418 667 3484 ⁷.
687 3409 733 3458 Ad.
748 3410 817 3463 Pour
828 3419 867 3460 cet
879 3412 970 3476 cmploi
982 3420 1056 3476 paru.

120 3491 151 3539 de
162 3491 276 3540 Vitellius
292 3492 315 3540 le
327 3488 519 3556 genuen-nomem
531 3490 562 3538 de
612 3475 690 3524 culrer
701 3475 733 3523 de
745 3477 779 3524 ad
795 3477 848 3540 (por
861 3485 961 3542 rapport
973 3478 1009 3541 d),
1030 3495 1052 3526 v.

121 3556 144 3605 la
155 3557 285 3624 Bretagne.
302 3558 330 3607 V.
343 3556 384 3606 cb.
397 3564 438 3616 65,
453 3565 510 3605 note
522 3562 544 3605 8.
612 3557 648 3606 51¹·
663 3540 694 3590 dc
706 3540 763 3590 Tac.
779 3548 828 3590 138.
