2346 3922
395 250 485 295 amna
506 250 527 291 1.
552 249 619 291 oar.
643 233 775 293 60—63.
1010 233 1049 292 63

113 382 224 457 quibus
248 381 394 441 Vitellius
419 399 490 440 suas
518 398 637 457 quoque
662 380 766 456 copias
787 379 956 456 supplevit,
984 381 1050 439 tota

113 480 192 537 mole
207 478 280 537 belli
294 481 455 538 secuturus
469 481 491 538 θ.

155 580 205 638 62.
231 579 312 637 Mira
333 578 415 636 inter
436 578 605 637 exercitum
626 577 901 653 imperatoremque
922 575 1050 633 diversi-

113 678 161 733 tas
180 698 187 732 ε
204 677 322 733 instare
343 675 445 744 milae,
467 692 553 732 arma
571 691 710 749 poscere,
732 674 803 731 dum
827 672 937 732 Galliae
957 672 1050 746 trepi-

85 791 93 800 ’
114 774 201 843 dent,
219 774 291 831 dum
309 774 468 848 Hispaniae
484 775 682 831 cunctentur:
701 789 761 830 non
781 773 902 830 obstare
921 771 1051 829 hiemem

115 888 212 944 neque
242 871 363 944 ignavae
390 871 475 944 pacis
508 871 641 939 moras¹;
678 869 881 927 invadendam
910 868 1049 935 ltaliam,

114 968 322 1043 occupandam
341 968 462 1037 urbem;
480 967 559 1025 nihil
579 969 611 1025 in
632 968 794 1026 discordiis
808 966 951 1024 civilibus
972 966 1052 1023 festi·

114 1068 240 1124 natione
264 1067 377 1135 tutius,
402 1066 454 1124 ubi
479 1066 560 1124 facto
579 1067 678 1141 magis
703 1084 793 1140 quam
814 1065 951 1123 consulto
977 1082 1052 1139 opus

115 1167 204 1225 esset.
220 1166 374 1241 Torpebat
389 1165 534 1225 Vitellius
545 1167 576 1222 et
590 1165 744 1223 fortunam
757 1165 948 1239 principatus
959 1163 1051 1221 inerti

114 1263 188 1320 luxu
221 1281 257 1320 ac
281 1264 420 1339 prodigis
456 1263 555 1338 epulis
585 1263 822 1337 praesumebat²‚
852 1262 951 1319 medio
991 1263 1051 1319 diei

114 1361 301 1419 temulentus
315 1364 347 1420 et
362 1362 469 1436 sagina
484 1362 604 1435 gravis,
622 1379 690 1418 cum
705 1364 807 1418 tamen
827 1361 918 1418 ardor
936 1362 967 1417 ct
986 1361 1052 1417 vis³

73 1475 74 1478 ’
115 1459 249 1517 militum
275 1458 373 1517 ultro⁴
400 1459 485 1517 ducis
513 1459 618 1516 munia
638 1458 800 1534 implebat,
822 1461 857 1515 ut
882 1459 908 1515 si
933 1457 1053 1515 adesset

117 1558 284 1630 imperator
299 1559 330 1614 et
345 1559 478 1615 strenuis
492 1558 542 1615 vel
559 1557 681 1631 ignavis
700 1573 782 1631 spem
800 1561 952 1614 metumve
967 1556 1054 1613 adde-

117 1657 173 1712 ret.
203 1655 352 1712 Instructi
377 1656 549 1731 intentique
578 1657 700 1730 signum
728 1656 926 1731 profectionis
951 1673 1054 1731 expos·

118 1755 204 1823 cunt;
240 1770 351 1810 nomen
386 1755 561 1812 Germanici
597 1755 723 1814 Vitellio
764 1756 869 1813 statim
904 1755 1051 1824 additum,

118 1852 268 1908 Caesarem
289 1869 321 1908 se
342 1851 491 1926 appellari
511 1853 604 1910 etiam
622 1854 724 1911 victor
744 1853 912 1928 prohibuit.
936 1854 1054 1911 Laetum

118 1949 281 2024 augurium
296 1949 393 2008 Fabio
407 1950 532 2008 Valenti
558 1952 767 2026 exercituique
782 1969 871 2026 quem
892 1951 924 2008 in
943 1951 1055 2008 bellum

119 2048 229 2121 agebat
248 2048 314 2122 ipso
327 2047 527 2123 profectionis
546 2049 595 2106 die
617 2050 720 2124 aquila
740 2050 803 2107 leni
822 2052 940 2117 meatu,
965 2053 1056 2124 prout

119 2160 227 2220 agmen
247 2145 416 2214 incederet,
437 2145 522 2203 velut
541 2145 603 2203 dux
621 2148 680 2204 viae
701 2146 898 2221 praevolavit,
921 2146 1056 2220 longum-

119 2265 175 2322 que
199 2263 255 2322 per
275 2246 409 2320 spatium
432 2246 459 2303 is
482 2247 681 2320 gaudentium
705 2248 839 2306 militum
861 2248 991 2318 clamor,
1019 2268 1055 2306 ea

119 2347 203 2419 quies
224 2345 375 2403 interritae
396 2343 480 2402 alitis
500 2344 559 2402 fuit
578 2348 613 2402 ut
634 2346 715 2403 haud
741 2346 865 2403 dubium
884 2363 1002 2420 magnae
1024 2350 1056 2405 et

119 2460 271 2518 prosperae
286 2443 331 2500 rei
347 2460 434 2499 omen
449 2444 650 2518 acciperetur.

158 2543 209 2600 63.
234 2543 274 2598 Et
294 2542 461 2599 Treveros¹
483 2542 605 2616 quidem
625 2545 660 2600 ut
685 2543 782 2600 socios
812 2543 911 2601 securi
934 2542 1053 2613 adiere;

118 2637 289 2696 Divoduri²
315 2638 627 2712 (Mediomatricorum
653 2639 683 2696 id
709 2639 853 2714 oppidum
878 2640 934 2714 est)
955 2656 1056 2714 quam-

118 2753 209 2812 quam
231 2737 314 2792 omni
334 2736 478 2794 comitate
497 2741 639 2812 exceptos
664 2738 783 2796 subitus
809 2755 905 2812 pavor
925 2739 1053 2807 terruit,

120 2834 218 2909 raptis
234 2835 359 2908 repente
373 2834 486 2892 armis³
502 2834 540 2891 ad
555 2835 665 2893 caedem
680 2835 814 2893 innoxiae
825 2835 978 2904 civitatis
996 2853 1055 2893 non

153 2986 175 3027 6.
196 2977 392 3028 Voulantsuivre
404 2994 461 3028 avec
474 2980 497 3029 le
509 2996 565 3046 gros
648 2989 670 3030 3.
690 2981 775 3030 Ardor
793 2989 815 3031 at
832 2984 869 3030 aia
888 2980 949 3030 n'est
966 2995 1010 3046 pas
1023 2999 1056 3030 un

120 3044 152 3095 de
172 3045 278 3094 l'amnec.
615 3045 761 3111 hendiadys.

152 3118 207 3160 ⁸2.
229 3118 249 3158 l.
268 3111 366 3173 lpaaooe
381 3112 453 3172 pacis
470 3126 563 3159 proras.
647 3119 669 3160 4.
692 3111 770 3168 Ultro,
784 3127 806 3158 v.
820 3110 860 3159 ch.
874 3120 896 3169 7,
911 3121 968 3161 note
980 3120 1001 3159 7.

120 3177 154 3225 Cc
166 3184 222 3223 sont
234 3175 270 3224 les
283 3174 429 3224 hesitations
445 3175 564 3239 inspiroes
647 3185 702 3226 ⁰³.
717 3184 737 3225 l.
749 3178 903 3235 Trcvca·oa,v.
912 3177 951 3225 ch.
961 3185 1025 3234 53‚n.
1033 3185 1055 3225 7.

120 3240 260 3290 dl⁷itallius
273 3257 318 3305 par
335 3257 380 3289 son
393 3240 463 3288 lache
480 3256 566 3289 amour
647 3250 669 3290 2.
691 3243 861 3299 Divodurum,
890 3243 980 3306 appele
1001 3244 1057 3306 plus

120 3307 152 3355 de
172 3307 196 3354 la
208 3305 275 3369 pair.
298 3307 356 3355 Plus
368 3304 413 3354 hus
430 3304 448 3354 il
461 3315 497 3354 cst
510 3306 562 3354 dit:
614 3307 668 3355 tard
680 3309 872 3365 Mediomatrici,
887 3306 975 3371 depuis
985 3308 1008 3355 lc
1021 3316 1057 3357 15⁰

120 3371 233 3434 torpebat
248 3371 366 3422 Vitellius.
614 3371 688 3422 siecle
700 3374 790 3429 Mettis,
805 3370 854 3434 auj.
869 3374 940 3422 lictz.

154 3444 176 3485 a.
197 3437 378 3486 Fortaaaaa-
388 3437 563 3499 praesumebat,
648 3445 669 3486 3.
689 3438 821 3500 Raptis-
836 3441 923 3495 armis,
937 3436 987 3488 ahl.
1002 3437 1054 3488 abs.

117 3501 233 3566 jouissait
244 3502 359 3553 d‘avance
375 3502 407 3552 dc
424 3518 450 3551 sa
466 3501 565 3552 fortune
615 3501 658 3568 qui
670 3518 772 3567 marquc
790 3503 813 3552 la
829 3502 1002 3554 simultane'itd.
1027 3505 1054 3554 V.

122 3566 259 3632 imperiala.
612 3584 648 3633 gr.
662 3567 693 3618 de
706 3569 733 3617 T.
747 3575 784 3617 59.
