2346 3922
940 143 1002 231 ast

64 315 160 376 armis
171 315 275 376 falsis⁵
290 319 422 388 velaret;
440 319 467 377 si
478 319 700 394 Vespasianum
713 314 826 392 juvare
837 332 1002 392 aggressus
1055 302 1072 323 '⁸

65 413 161 486 foret,
179 418 253 476 satis
268 416 382 477 iactum
397 418 515 494 coeptis.
529 417 576 475 Ad
587 433 624 474 ea
635 414 744 475 Civilis
759 415 858 490 primo
873 414 999 485 callide;

65 517 136 590 post
161 517 213 574 ubi
237 517 322 576 videt
346 518 527 576 Montanum
548 514 743 592 praeferocem
766 515 891 590 ingenio
912 532 1001 590 para·

64 615 192 689 tumque
217 616 249 672 in
275 631 324 674 res
353 632 464 685 novas,
497 631 583 673 orsus
612 632 631 672 a
659 615 767 688 questu
797 613 1002 689 periculisque

65 728 135 786 quse
152 730 208 788 per
226 715 359 790 quinque
379 718 409 774 et
423 714 538 789 viginti
557 729 653 772 annos
673 713 704 770 in
724 711 834 771 castris
853 715 1003 772 Romanis

64 812 274 871 exhausisset:
292 833 309 868 «
326 814 484 890 egregium
501 833 533 882 »‚
552 812 663 887 inquit,
682 831 699 866 u
715 812 849 886 pretium
864 811 1004 870 laborum

64 912 184 986 recepi,
209 913 332 970 necem⁰
352 911 460 970 fratris
480 915 511 971 et
532 912 657 970 vincula
676 928 744 969 mea
764 913 795 969 et
817 912 1003 970 saevissimas

65 1008 158 1084 hujus
178 1011 330 1068 exercitus
351 1028 455 1080 voces,
479 1011 589 1086 quibus
615 1011 653 1068 ad
678 1009 861 1085 supplicium
886 1011 1003 1085 petitus

61 1105 134 1181 jure
163 1109 300 1180 gentium
329 1125 434 1183 poenas
463 1110 617 1185 reposco⁷.
649 1109 712 1168 Vos
741 1110 843 1166 autem
872 1109 1000 1167 Treveri

63 1206 235 1280 ceteraeque
256 1208 456 1266 servientium
475 1189 601 1276 animae,
630 1206 709 1281 quod
734 1207 893 1281 praemium
914 1205 1002 1265 effusi

43 1303 160 1360 ‘toties
179 1305 338 1380 sanguinis
360 1305 545 1381 exspectatis
566 1304 627 1362 nisi
647 1304 820 1378 ingratam⁸
840 1303 1000 1371 militiam,

63 1399 253 1458 immortalia
266 1400 400 1470 tributa,
417 1402 540 1476 virgas,
558 1417 679 1458 secures
698 1403 729 1458 et
748 1401 939 1459 dominorum
960 1402 1004 1458 in-

63 1498 196 1570 genial⁹
216 1500 261 1558 En
283 1493 339 1574 ego
360 1498 522 1575 praefectus
542 1501 632 1558 unius
654 1501 789 1558 cohortis
808 1501 839 1558 et
854 1500 1002 1560 Cannine

62 1593 144 1654 fetes
158 1596 346 1672 Batavique,
368 1599 481 1674 exigua
500 1598 671 1658 Galliarum
690 1601 791 1674 portio
800 1600 834 1668 ¹⁰,
851 1616 933 1658 uana
947 1598 1002 1657 illa

64 1697 237 1752 castrorum
249 1697 379 1771 spatia¹¹
395 1696 590 1766 exscidimus‚
604 1697 654 1755 vel
665 1700 761 1775 saepta
771 1697 853 1756 ferro
863 1697 1003 1773 fameque

65 1793 274 1867 premimus¹².
296 1795 435 1871 Denique
456 1813 545 1854 ausos
560 1797 613 1853 aut
633 1794 761 1855 libertas
777 1798 930 1870 sequetur,
948 1797 1002 1854 aut

64 1891 142 1948 victi
168 1891 247 1949 idem
256 1893 279 1929 ¹³
303 1894 428 1950 erimus.
457 1912 474 1946 a
501 1891 553 1949 Sic
577 1908 753 1961 accensum,
784 1892 836 1950 sed
861 1890 1002 1949 molliora

325 186 415 232 amna
435 188 477 231 ιν.
502 187 568 231 one.
593 170 727 231 30-33.

63 1987 181 2046 referre
208 1989 328 2065 jussum
354 1989 498 2060 dimittit;
528 1988 580 2047 ille
605 1992 640 2048 ut
669 1990 777 2047 irritus
805 1988 970 2063 legationis
979 1989 1002 2024 ¹⁴

65 2088 164 2157 redit,
183 2091 285 2147 cetera
299 2087 494 2147 dissimulans
509 2103 576 2161 quae
591 2105 662 2145 mox
676 2103 814 2162 erupere.

107 2185 157 2244 33.
176 2184 296 2256 Civilis,
306 2187 394 2261 parte
406 2185 562 2259 copiarum
577 2185 709 2253 retenta,
722 2185 885 2242 veteranas
900 2183 1002 2242 cohor-

64 2288 113 2346 tes
134 2290 166 2346 et
186 2288 265 2364 quod
285 2306 301 2347 e
322 2290 483 2349 Germanis
504 2287 637 2346 maxime
658 2290 833 2364 promptum
854 2288 1002 2347 adversus

100 2423 122 2465 5.
143 2415 320 2481 Armissalsis,
334 2432 436 2465 seusun
449 2415 509 2464 faux
592 2422 615 2464 9.
634 2415 800 2465 Dominarum
819 2417 931 2479 inpectis,
962 2429 1002 2464 ca·

65 2480 186 2546 drapeau.
206 2482 240 2532 Ge
261 2481 322 2530 n'est
342 2476 415 2547 qu’en
436 2497 510 2546 appa·

66 2560 142 2596 renco
152 2563 200 2611 que
208 2546 292 2596 Civilis
301 2547 381 2596 saisait
390 2548 414 2595 la
423 2562 511 2612 guerre

64 2627 132 2679 pour
143 2612 253 2661 soutenir
267 2613 313 2662 Vos
332 2612 410 2662 asion.

100 2677 260 2737 Ecdaurt're,
277 2628 393 2728 enXurcr.
411 2676 449 2726 Cf.
468 2675 508 2726 ch.

67 2749 107 2800 29,
121 2752 179 2793 note
192 2751 227 2792 12.

101 2815 124 2858 6.
149 2809 245 2859 Necem.
270 2807 387 2858 Fonteius
423 2799 511 2921 Capito

67 2872 132 2922 avait
144 2872 188 2923 fait
202 2883 258 2923 tuer
275 2889 320 2923 son
333 2873 396 2923 frere
408 2873 458 2922 Pau
471 2889 509 2930 us,

67 2947 94 2989 et
122 2942 214 3004 europe
243 2938 327 2989 Civilis
359 2938 449 2988 chare‘
480 2938 511 2988 de

67 3003 170 3054 chalnes
182 3007 196 3053 a
207 3005 288 3054 Neron
301 3004 332 3069 (u.
343 3002 383 3053 ch.
399 2954 443 3067 Βῆ.

102 3076 125 3118 7.
144 3070 393 3132 Quibus—reposco.
412 3070 477 3118 Pour
488 3068 512 3117 le

66 3134 153 3184 relatis
159 3135 303 3199 dependant
313 3135 347 3183 du
375 3133 477 3198 articipe
488 3142 513 3182 et

68 3198 259 3250 subordonnant
274 3201 298 3249 le
316 3150 389 3249 rerEe
405 3198 511 3255 suivant,

67 3282 90 3314 v.
99 3265 208 3315 d'autres
216 3266 351 3330 exemplos,
360 3266 445 3316 Gantr.
461 3271 511 3323 184,

69 3331 222 3389 tanain.
348 3329 352 3335 ’

102 3403 126 3446 8.
145 3397 277 3460 lepresus,
296 3395 378 3462 ingrat
397 3395 456 3461 (non
469 3409 513 3461 pas

68 3461 249 3530 desagreable).
334 3527 337 3530 .

559 2480 640 2546 prices
652 2481 696 2529 des
707 2485 816 2530 maltres.

594 2553 629 2595 10.
643 2546 787 2596 Galliarum
795 2548 887 2608 portio.
900 2546 947 2594 Les
959 2544 1003 2596 Ba·

560 2620 626 2660 teres
644 2626 675 2660 ne
692 2611 805 2661 faisaient
818 2626 865 2686 pas
880 2608 959 2724 ἳαηίο
971 2611 1003 2659 de

560 2677 584 2725 la
596 2677 682 2726 Gaulo.
699 2676 760 2726 Mais
772 2674 856 2726 Givnis
871 2692 884 2725 c
904 2674 1003 2725 orchea

560 2757 653 2816 gagner
663 2741 699 2791 les
710 2741 821 2792 Treviros
833 2740 876 2806 qui
891 2749 1004 2806 apparte-

561 2815 645 2856 natent
656 2810 669 2854 d
681 2807 705 2856 la
717 2808 795 2857 Gaulo
806 2805 936 2872 Belgique.

595 2880 630 2921 11.
653 2873 723 2922 Vana
740 2881 883 2923 castrorum
902 2873 1001 2934 spatia,

561 2953 602 2987 ces
614 2952 698 3002 comps
709 2936 783 2988 d'une
802 2937 873 2986 taine
884 2935 1003 2990 etendue.

562 3003 608 3052 Les
631 3011 732 3067 troupes
758 3000 918 3068 manquaient
941 3016 1006 3066 pour

562 3068 598 3117 les
610 3067 739 3117 dolendre.

596 3140 631 3181 12.
650 3133 802 3182 Premimus.
824 3133 858 3181 Le
878 3146 949 3196 camp
973 3129 1005 3179 de

562 3198 650 3247 Vetera
661 3198 721 3247 erait
732 3199 797 3248 alors
809 3196 912 3262 assidge'.

598 3271 634 3313 13,
653 3263 854 3312 ldem=iidem

598 3335 633 3377 14.
655 3328 684 3378 Ut
695 3331 787 3379 irritus
804 3328 946 3392 topationis,
967 3324 1003 3373 di-

563 3402 617 3442 sant
629 3391 689 3459 qu‘il
707 3395 839 3460 omenque
851 3406 877 3442 sa
892 3389 1003 3440 mission.

562 3459 590 3509 V.
604 3475 669 3526 pour
676 3459 700 3510 le
711 3461 779 3526 gen„
792 3474 829 3526 gr.
840 3457 872 3509 de
880 3456 937 3507 Tac.
949 3461 985 3507 31.
